4492 5860
666 470 720 572 28
840 461 1747 606 Lauarnntr·'M²rurbrs
1843 588 1846 598 Ι

605 679 872 794 Ferrariensis
904 685 1112 787 Duratus,
1128 689 1299 780 clavum
1335 689 1537 800 tenebat,
1569 693 1728 785 melior
1757 687 1986 814 Princeps.

604 830 772 920 habitus
803 829 915 918 vitae
950 832 1066 946 exitu
1079 863 1098 939 ,¹
1113 857 1255 950 ¹quam
1298 821 1433 932 initio¹
1456 835 1601 954 regni,
1636 835 1779 956 quod.
1808 835 1985 959 infigni

605 969 810 1064 Herculis
849 965 1014 1072 sra'rriss
1031 959 1210 1090 injuria,
1242 979 1315 1070 cui
1352 977 1600 1090 debebatur,
1637 1004 1957 1099 occupaverat.

604 1111 752 1232 Hujus
801 1142 944 1208 autem
987 1114 1211 1232 injustitiae
1228 1145 1231 1152 ·
1248 1121 1504 1214 minuendae
1546 1117 1681 1214 caudi
1727 1105 1872 1212 serunt
1890 1120 1960 1211 -il-
2018 1203 2022 1212 .

604 1258 698 1376 lum
736 1256 934 1354 consulto
962 1291 987 1351 a
1014 1265 1187 1382 ‘nuptiis
1230 1253 1496 1372 abstinuisse,
1538 1292 1593 1356 ne
1635 1265 1810 1358 caritate
1850 1263 1955 1356 libe·

603 1428 751 1492 rorum
783 1402 1109 1520 prohiberetur,
1139 1435 1227 1524 quo
1254 1399 1413 1500 minus
1432 1407 1564 1500 libero
1607 1407 1773 1525 judicio
1811 1410 1857 1500 in
1884 1399 1976 1496 siaa

602 1575 648 1634 re
680 1541 801 1636 fratri
837 1542 1088 1640 restituenda
1122 1569 1338 1656 uteretur.
1378 1537 1654 1661 Genuenses,
1691 1551 1767 1669 qui
1806 1550 1959 1642 cunda

549 1763 555 1768 .
602 1687 821 1804 quondam
865 1692 997 1780 maria
1039 1695 1284 1811 pervagati,
1326 1699 1480 1788 relidis
1522 1698 1680 1816 ubique
1718 1687 1958 1823 clarissima·

601 1859 699 1920 rum
743 1833 1017 1924 vidioriarum
1059 1841 1384 1950 monumentis,
1441 1865 1597 1934 ceteras
1642 1849 1809 1960 gentes
1835 1834 1957 1926 omni
2096 1881 2107 1904 ·.

602 1984 791 2094 tempore
824 1979 972 2068 'navali
1008 1977 1146 2096 gloria
1184 1975 1507 2099 superaverant,
1539 1989 1643 2074 cum
1684 1979 1806 2071 domi
1850 1957 1956 2064 sediss

602 2115 696 2207 tiosi
731 2115 970 2211 saevissimis
999 2119 1193 2212 fludibus
1224 2122 1492 2232 sadionum,
1524 2127 1634 2214 inter
1663 2109 1775 2241 'quas
1811 2113 1955 2207 Ador·
2070 2233 2072 2238 ι
2162 2165 2173 2174 -

602 2258 672 2346 nia
717 2265 758 2348 δι
804 2257 996 2380 Fregofia
1038 2262 1317 2373 eminebant,
1353 2262 1633 2380 jaderentur,
1663 2266 1728 2354 Υἰιι
1776 2257 1956 2386 Ssortia-

601 2411 775 2490 noruna'
798 2399 1060 2520 potestatem.
1082 2403 1389 2500 concesserant.
1423 2403 1705 2499 senenses&
1745 2401 1956 2497 Lucenses
1983 2517 1986 2526 Ι

600 2543 741 2632 aliena
771 2548 906 2664 magis
937 2551 1129 2665 potentia
1158 2577 1287 2666 quarn
1316 2554 1486 2670 propria
1516 2551 1755 2640 libertatem
1793 2537 1986 2639 retine·¹

580 2684 738 2786 -bant;
773 2692 813 2778 δι
845 2692 1050 2818 quamuis¹
1068 2721 1279 2784 novarum
1308 2723 1452 2784 return
1496 2693 1675 2784 libidine
1715 2691 1952 2808 abriperen·
1985 2808 1988 2818 Ι

600 2850 696 2936 tur,
732 2859 880 2924 omnes
910 2845 1055 2928 tamen
1090 2838 1328 2928 inveterato
1360 2835 1466 2926 odio
1501 2833 1763 2926 Florentinis
1804 2824 1988 2922 infensr'

599 2969 652 3060 ad
687 2969 845 3099 horum
882 2977 993 3068 vires
1023 2979 1275 3098 &gloriam
1307 2979 1588 3070 minuendam
1618 2975 1745 3068 facile
1787 2967 1955 3088 conspi-

597 3115 768 3210 rabant.
801 3118 959 3216 Plures'
976 3125 1126 3213 ceteris
1156 3125 1203 3212 in
1234 3122 1377 3214 Italiae
1406 3113 1644 3240 provinciis
1674 3111 1955 3209 dominaban-

598 3283 671 3349 tur
700 3263 887 3354 minotes
906 3265 1164 3386 Principes,
1196 3268 1272 3382 q'ui
1303 3265 1555 3382 plerumque
1585 3267 1633 3353 in
1663 3261 1779 3352 bello
1806 3255 1860 3348 iis
1892 3251 1952 3347 sa-

598 3401 755 3490 vehant
779 3406 992 3516 parribus,
1023 3432 1048 3490 a
1077 3406 1232 3520 quibus
1263 3403 1398 3514 major
1438 3403 1526 3519 spes
1556 3427 1630 3492 aut
1658 3396 1848 3515 quaestus
1880 3418 1956 3484 aur

597 3541 799 3664 vitioriae
834 3539 1155 3652 ostendebatur,
1191 3541 1249 3632 fic
1283 3565 1335 3630 ut
1365 3539 1474 3630 nihil
1505 3569 1595 3631 rant
1626 3537 1865 3627 commune¹
1895 3530 1954 3624 es·

598 3676 661 3772 set
678 3699 696 3789 ,'
716 3711 847 3799 quana
877 3685 1023 3775 videre
1049 3685 1219 3804 ingenia
1243 3706 1369 3799 atque
1404 3711 1521 3770 arma
1551 3684 1748 3773 converti
1777 3679 1830 3770 ad
1861 3704 1954 3795 per-

598 3825 790 3934 niciem,
820 3855 926 3942 quae
961 3826 1107 3944 paullo
1148 3849 1269 3930 antea
1314 3821 1473 3916 versata
1516 3822 1685 3916 strarant
1727 3826 1773 3914 in
1821 3817 1954 3908 salute
1992 3945 1995 3954 Ι

595 3994 722 4086 arque
757 3968 918 4072 auxilio·
948 3965 1124 4061 serendo
1142 3965 1163 4058 .’
1186 3973 1459 4087 Qapropter
1503 3970 1683 4056 minime
1706 3962 1764 4057 est
1786 3965 1952 4054 wrniran-

597 4109 779 4220 dum,s1
811 4113 842 4201 ii
871 4111 1088 4232 Principes
1124 4113 1178 4202 ad
1196 4111 1385 4202 serendas
1406 4107 1635 4200 discordias
1667 4139 1795 4228 quarn
1826 4106 1879 4198 ad
1908 4135 1950 4196 a·

598 4259 783 4346 micitias
819 4253 1174 4374 conglutinandas
1209 4257 1392 4373 aptiores
1409 4255 1695 4356 uiderentur.
1712 4251 1789 4340 ⁴Ea
1830 4249 1951 4338 deni·

599 4424 681 4514 que
709 4421 804 4490 erar
820 4400 1018 4496 conditio
1045 4426 1320 4515 temporum,
1348 4423 1400 4494 ut
1419 4399 1585 4492 nullam
1615 4398 1661 4493 in
1693 4393 1816 4488 Italia
1833 4413 1951 4484 aeta-
