4472 5858
662 554 742 620 ιιι
864 523 1351 618 Lnunnntrrr
1413 525 1779 621 Mrorcrs

595 739 680 833 stne
707 739 846 833 caussa
877 747 1009 836 multi
1028 743 1352 864 ,suspicabantur
1393 743 1615 836 hominem
1654 769 1819 865 praeter
1861 765 1929 850 ce·¹
2066 743 2076 760 '

591 915 702 985 teros
736 888 895 1006 gloriae
937 898 978 978 &
1016 889 1325 984 dominationis
1371 916 1639 1011 appetentem
1681 886 1933 981 servitutem

593 1029 814 1124 universae
844 1033 1040 1123 Etruriae
1071 1035 1245 1125 moliri.
1277 1033 1359 1127 Sed
1390 1034 1551 1126 accidit
1592 1061 1657 1123 res
1673 1031 1794 1122 huic
1823 1027 1930 1120 salu·

594 1178 717 1266 tario.
737 1173 859 1266 Nam
882 1175 1150 1270 Mahometes
1167 1181 1411 1270 Turcarum
1430 1177 1549 1286 Rex,
1567 1171 1786 1296 postquam
1812 1173 1933 1264 Rho,

591 1319 702 1409 dum
721 1315 869 1410 frustra
892 1349 1133 1439 expugnare
1156 1349 1336 1415 conatus
1364 1319 1531 1432 fuisset,
1555 1325 1602 1412 in
1623 1319 1788 1410 ltaliam
1818 1342 1933 1405 exer.-

593 1463 734 1560 citum
765 1458 905 1582 misit,
936 1465 1011 1580 qui
1037 1480 1163 1582 capto
1195 1465 1441 1584 Hydrunto
1468 1497 1558 1557 non
1584 1463 1811 1556 Salentinis
1840 1487 1932 1550 mo·

592 1605 679 1715 do,
712 1604 786 1698 sed
816 1604 1016 1700 universo
1046 1609 1176 1698 ctiam
1213 1607 1506 1727 Neapolitano
1544 1607 1699 1728 Regno
1729 1604 1935 1714 caedem,

592 1749 819 1860 incendia,
849 1755 1018 1842 ruinam
1060 1753 1254 1844 minitari
1294 1751 1545 1842 videbatur.
1588 1746 1934 1868 Reprehenditut

592 1923 622 1986 a
665 1895 886 1987 nonnullis
923 1894 1179 2002 Laurentius
1204 1896 1248 2010 ir
1265 1895 1360 2020 η),
1391 1893 1510 2018 quod
1550 1894 1688 1988 ueluti
1728 1887 1934 1984 Homeri*

592 2062 675 2137 sus
704 2037 777 2146 ille
805 2033 978 2174 Ulysses

792 2319 893 2400 Eride
919 2321 1077 2402 παντοίας
1101 2352 1134 2398 τε
1162 2321 1277 2402 re‘aovr
1303 2329 1358 2399 rol
1383 2323 1482 2424 possut
1508 2321 1620 2404 πυκναί

601 2609 895 2706 sollicitaverit
926 2613 1226 2711 Mahornetem
1257 2617 1311 2709 ad
1341 2613 1605 2708 mittendum
1636 2611 1872 2705 exercitum
1889 2605 1937 2694 in

599 2753 844 2869 hujusmodi
880 2761 1228 2878 expeditionem,
1268 2784 1490 2881 propterea
1532 2759 1632 2876 quia
1674 2755 1757 2846 hoc
1798 2775 1940 2838 unum

483 2891 486 2896 ¹
600 2901 842 2993 remedium
872 2927 940 2994 tot
966 2903 1249 2997 Etruscorum
1278 2901 1573 2994 incommodis
1603 2895 1682 2991 esse
1711 2891 1936 2987 'arbitraba-

600 3063 700 3132 tur.
732 3041 901 3140 Tantus
930 3039 1121 3166 profesio
1152 3047 1327 3164 injectos
1357 3043 1413 3137 est
1443 3041 1712 3136 Ferdinando
1730 3064 1866 3132 terror
1879 3033 1943 3134 ,ob

596 3183 836 3280 adventum
865 3187 1111 3282 Turcarum
1156 3195 1202 3284 in
1235 3189 1471 3310 Apuliam,
1503 3212 1554 3280 ut
1596 3182 1737 3276 statim
1767 3203 1940 3272 revoca·

600 3331 713 3419 verit
741 3330 794 3420 ab
823 3330 993 3428 Etruria
1017 3331 1243 3426 Calabriae
1275 3337 1472 3445 Ducem,
1492 3330 1617 3447 cujus
1640 3319 1816 3416 discessu
1836 3321 1943 3412 haec

600 3497 626 3556 a
655 3473 811 3562 timore
848 3469 1064 3570 servitutis
1103 3473 1301 3594 respirare
1331 3473 1417 3566 visa
1448 3471 1530 3566 est.
1565 3474 1810 3564 Turcarum
1852 3491 1942 3554 rne-

600 3635 673 3698 -tus
703 3612 840 3700 valuit
869 3619 998 3704 etiam
1022 3617 1076 3704 ad
1100 3616 1414 3708 moderandum
1434 3611 1717 3724 Pontificem,
1739 3611 1813 3728 qui
1831 3603 1944 3698 mul-

600 3774 698 3840 tum
729 3749 782 3838 de
811 3747 982 3868 pristina
1011 3758 1074 3846 ira
1116 3783 1243 3876 atque
1273 3757 1378 3850 odio
1418 3756 1616 3850 adversus
1657 3749 1946 3844 Laurentium

600 3887 644 3982 se
672 3887 895 4000 remisisse,
925 3899 966 3984 δι
1005 3895 1278 3992 Florentinos
1308 3896 1421 4020 polle
1450 3903 1503 3992 ab
1532 3895 1574 3990 se
1614 3901 1787 3993 veniam
1827 3917 1944 4010 prae·

601 4032 830 4138 teritorum
865 4035 1095 4154 implorare
1123 4037 1339 4134 ostendit.
1377 4043 1478 4137 Hae
1508 4046 1563 4138 de
1594 4039 1731 4135 caussa
1754 4035 1946 4126 Romam

601 4173 835 4274 duodecim
877 4183 1070 4299 primarii
1101 4185 1206 4276 ⁴viri
1258 4185 1455 4304 legantur
1498 4185 1671 4300 (1¹3)·
1715 4182 1851 4270 Fuere
1896 4171 1943 4264 li

603 4311 849 4414 Franciscus
880 4321 1133 4416 Soderinius
1164 4326 1548 4428 Volaterranorum
1580 4321 1843 4446 Episcopus,
1880 4317 1947 4406 A·

603 4453 764 4604 loyfius
796 4459 1181 4579 Guicciardinius,
1213 4473 1437 4566 Antonius
1468 4461 1949 4592 Ridolphus‚‘·Joannes

1782 4604 1885 4721 Jon-
