4472 5858
642 505 726 604 tro
844 467 1330 595 Lau-rameri
1389 465 1750 570 Minucia
1883 599 1886 606 .

573 719 630 786 ut
674 715 786 786 certa
821 687 1029 806 pecuniae
1068 681 1239 782 summa
1276 686 1498 784 Calabriae
1514 759 1517 770 .
1532 692 1657 784 Duci.
1695 717 1774 812 pro
1813 689 1918 794 balli

495 845 499 852 '
579 833 820 954 sumptibus
849 856 1167 956 numeraretur.
1187 835 1354 932 Auum
1379 834 1593 938 eriam-de
1608 833 1918 978 recuperando

575 975 806 1111 supano,
835 975 972 1104 deque
1004 978 1210 1098 Regum,
1227 979 1303 1096 qui
1331 981 1380 1076 in
1411 979 1599 1076 Aemilia
1628 977 1916 1098 imperabant,

577 1123 641 1218 ut¹
659 1149 808 1225 eorum
835 1121 929 1246 jura
958 1114 1064 1221 sarta
1100 1111 1142 1214 'u
1181 1125 1291 1221 ,teda
1335 1115 1558 1220 euertat
1597 1119 1823 1234 Pontificio
1865 1149 1915 1214 ac

423 1323 426 1328 -
578 1269 849 1368 Venetorum
883 1267 1014 1368 arnus
1043 1291 1171 1386 atquc
1202 1265 1506 1362 coutumeliis.
1548 1263 1708 1386 Neque
1747 1263 1915 1356 dubita

578 1410 650 1512 bat
677 1410 955 1530 Laurentius,
985 1413 1089 1528 quin
1119 1408 1363 1512 faciliorem
1390 1409 1621 1530 aliquando
1642 1411 1825 1529 ,Regem
1853 1405 1915 1500 esa

581 1549 644 1658 set
675 1555 894 1657 habiturus
921 1552 975 1652 ad
1006 1579 1077 1644 eas·
1112 1554 1387 1658 conditiones
1426 1555 1662 1668 tollendas,
1703 1579 1805 1670 quat
1840 1550 1917 1642 du·

517 1701 530 1720 ”
578 1697 711 1802 riores
750 1695 827 1802 fibi
855 1699 1042 1827 proponi
1069 1699 1272 1800 nonnulli
1312 1698 1666 1802 Florentinorum
1687 1693 1916 1820 querebam.

577 1851 651 1938 tur
680 1839 828 1966 (110),
859 1840 986 1954 Qae
1027 1867 1268 1970 antequam.
1291 1845 1595 1952 convenirent,
1626 1839 1772 1938 fnum
1802 1837 1914 1928 Lau·¹

578 1987 793 2096 rentium,
829 2016 934 2076 cum
963 1985 1146 2080 donatus
1181 2017 1208 2078 a
1237 1989 1355 2112 Rege
1398 2013 1511 2102 equo
1531 1979 1711 2098 suisset,
1751 1979 1820 2075 illi
1857 1979 1916 2071 lt·

578 2125 677 2244 pide
698 2125 859 2232 'dixisse
894 2127 971 2232 fibi
1011 2133 1175 2248 pernici
1205 2159 1316 2248 equo
1346 2161 1456 2249 opus
1484 2127 1609 2240 sore,
1638 2129 1716 2250 qui
1740 2117 1917 2244 optatis·

578 2263 705 2367 fimae
736 2273 854 2399 pacis
896 2273 1110 2372 nuntium.
1144 2269 1340 2372 ,citiffime
1380 2279 1540 2394 patriae
1565 2267 1769 2382 ‚afferren
1800 2261 1918 2384 quod

578 2441 671 2502 non
701 2436 792 2515 tam
815 2412 867 2502 ad
886 2413 1139 2516 eliciendam
1162 2416 1251 2530 ejus
1273 2413 1550 2525 sententiam,
1569 2443 1699 2532 quam
1714 2409 1769 2504 ad
1797 2409 1918 2527 cupi·

579 2551 761 2656 ditatam
799 2551 999 2660 discessus
1039 2554 1324 2660 excusandam
1371 2557 1568 2654 ¹valebat.
1609 2549 1806 2652 Diseeffit
1845 2549 1921 2642 illc

579 2698 757 2814 quidem
799 2699 937 2820 pridie
983 2730 1083 2791 non.
1115 2701 1244 2804 Mart.
1274 2731 1340 2790 an.
1367 2727 1625 2800 Menoeuxxx.
1658 2687 1920 2815 ampliffimu
2088 2694 2095 2706 ’
2211 2777 2213 2814 ³

583 2837 833 2946 honoribus'
855 2846 1131 2954 cumulatur,
1161 2853 1201 2948 δι
1237 2844 1480 2945 Liburnum
1511 2843 1728 2966 primum,
1755 2831 1914 2928 deinde

583 2977 694 3072 Pisas
721 2987 919 3105 appulit,
947 2989 1103 3107 quibus
1133 2989 1180 3077 in
1210 2988 1345 3106 locis,
1376 2995 1417 3078 δι
1458 2985 1700 3078 Florentiae
1736 2973 1863 3104 praes
1901 3023 1919 3048 ·

580 3128 663 3224 tirn
694 3154 763 3231 tot
791 3131 947 3224 amoris
962 3111 1136 3251 ignis,
1168 3154 1319 3249 totque
1349 3127 1734 3230 acclamationibus
1763 3117 1917 3248 populi,

583 3271 659 3364 ille
687 3301 887 3406 exceptus
917 3273 1004 3383 est,
1035 3300 1087 3378 ut
1115 3275 1192 3364 lux
1223 3269 1424 3403 salusque.
1439 3271 1606 3375 reddita
1639 3265 1923 3394 Reipublicae

579 3447 631 3530 ac
662 3414 850 3508 restituta
880 3415 1119 3518 videretur,
1152 3417 1295 3534 Qud
1320 3415 1351 3506 st
1393 3419 1661 3539 gubernator
1689 3409 1917 3539 praecipua

580 3557 712 3648 laude
738 3559 901 3667 sertor,
931 3557 1007 3676 qui
1048 3537 1218 3654 navem
1235 3593 1287 3654 ex
1316 3563 1461 3664 'hieme
1495 3563 1686 3683 marique
1722 3546 1922 3670 scopulo-

579 3694 628 3789 so
663 3696 830 3809 servat,
871 3701 951 3791 cur
983 3733 1074 3794 non
1106 3702 1330 3824 singularis
1364 3702 1462 3819 ejus·
1491 3699 1798 3800 existimabitur
1824 3719 1924 3812 pm·

578 3835 757 3952 dentia,
788 3845 863 3960 qui
892 3848 1073 3963 patriam
1116 3875 1166 3936 ex
1196 3830 1264 3950 tot
1292 3874 1468 3974 tamque
1495 3843 1696 3970 gravibus
1725 3833 1925 3960 procellis

579 3983 633 4075 ad
664 3985 1010 4092 incolumitatem
1041 3989 1271 4108 perduxit?
1301 3993 1387 4091 Pax
1418 3993 1522 4086 haec
1552 3981 1821 4106 occasroncm
1850 3972 1923 4064 de·
2014 4075 2018 4088 ,

579 4127 645 4220 dit
672 4129 941 4234 Pontifici&
972 4131 1386 4256 Venerinquerendi
1411 4163 1513 4233 cum
1533 4115 1786 4232 foederatis,
1804 4113 1925 4238 (ΨΜ

577 4271 831 4366 inconsultis
859 4271 955 4394 ipsrs
984 4279 1096 4368 tanti
1126 4279 1342 4381 momenti
1366 4277 1592 4398 negotium
1615 4259 1924 4361 confeeiffmtc

577 4415 628 4548 8(ι
651 4413 737 4530 jam
770 4415 980 4514 &horare
1014 4421 1299 4531 videbantur,
1327 4416 1359 4509 sr
1383 4412 1635 4542 quomodo
1666 4410 1778 4504 hanc
1809 4399 1931 4522 injure
