4472 5858
560 235 572 296 s

635 479 718 546 ιω
837 437 1325 536 nauatam
1385 437 1766 545 Meurcre

564 666 731 776 scedit,
757 691 860 756 cum
890 689 1041 756 omues
1070 655 1158 754 sere
1188 662 1276 776 cius
1305 657 1502 758 discessus
1528 661 1715 760 caussam
1740 668 1918 789 ignoru-

564 839 683 910 rent.
717 812 839 900 Dum
860 805 962 902 Pisrs
992 837 1330 902 commoraretur
1360 839 1433 932 per
1465 807 1648 930 speciem
1680 809 1913 908 consulen-

564 961 613 1052 di
635 955 761 1068 hujus
781 955 972 1052 civitatis
991 956 1141 1065 rebus,
1172 956 1333 1048 litteras
1362 985 1387 1046 a
1409 957 1681 1052 Decemviris
1709 961 1913 1082 accepit,

564 1105 722 1226 quibus
752 1101 937 1225 legam
964 1102 1186 1198 creabatur
1220 1103 1274 1194 ud
1304 1133 1454 1222 pacem
1488 1105 1829 1226 deprecandam,
1857 1103 1915 1193 ad

564 1248 762 1342 inducias
802 1243 1107 1369 paciscendae,
1147 1246 1202 1336 ad
1233 1249 1395 1339 bellum
1437 1249 1824 1362 denuntiandum,
1860 1245 1917 1339 ad

564 1425 696 1487 omne
724 1393 771 1486 id
798 1392 978 1496 demum
1007 1393 1319 1514 peragendum,
1351 1395 1469 1514 quod
1489 1395 1772 1515 Reipublicae
1800 1393 1913 1486 into

565 1529 665 1632 resse
695 1531 960 1641 existimasset
989 1539 1137 1656 (106).
1161 1543 1424 1661 Quanquam
1456 1537 1573 1676 saepe
1588 1569 1614 1630 a
1632 1539 1788 1632 Senatu
1815 1565 1914 1626 mu·

565 1673 891 1785 nific'eutiffmis
908 1673 1088 1779 decretis
1107 1686 1361 1782 Laurentius
1381 1680 1625 1776 honestatus
1642 1681 1797 1790 fuerit,
1817 1679 1913 1771 nul·

565 1823 660 1926 lum
689 1815 840 1922 tamen
866 1829 1223 1922 honorificentius
1253 1827 1340 1928 suit
1365 1830 1469 1940 illo,
1493 1857 1585 1949 quo
1614 1858 1704 1920 non
1732 1821 1915 1940 alicujus

565 1963 754 2105 negotii,
773 1971 843 2068 sed
875 1973 1098 2110 universae
1129 1975 1408 2094 Reipublicae
1439 2003 1543 2068 cura
1574 1985 1709 2093 atque
1739 1965 1915 2060 saluaci
1968 1995 1974 2004 ’

565 2117 788 2210 commissa
819 2115 898 2211 esse
928 2120 1175 2214 videbatur.
1199 2115 1442 2212 Conscensa
1462 2119 1656 2239 triremi,
1674 2111 1916 2238 Neapolim

566 2251 749 2352 feliciter
797 2263 1046 2379 navigavit,
1087 2261 1207 2390 isque
1248 2291 1353 2353 cum
1395 2260 1692 2360 fecundissime
1735 2249 1911 2346 cursum

565 2424 732 2508 teneret
770 2403 1036 2522 temporibus
1072 2403 1296 2515 hibernis,
1328 2404 1568 2514 videtisne,
1610 2403 1755 2522 inquit
1794 2391 1915 2507 suis,

564 2549 726 2669 quide
756 2551 886 2676 Regis
916 2547 1003 2642 fide
1032 2547 1169 2676 deque
1199 2545 1240 2641 se
1261 2545 1357 2669 ipsis
1387 2547 1603 2670 desperare
1634 2545 1915 2654 videbantur,

564 2721 613 2797 ur
643 2701 799 2790 caelum
829 2703 976 2816 coeptis
1007 2699 1210 2792 arridet!
1247 2697 1389 2816 adeste
1423 2701 1555 2820 igitur
1594 2699 1743 2787 animis
1777 2692 1833 2798 &¹
1862 2691 1917 2784 n·-

566 2864 716 2930 morem
749 2845 950 2958 amittite.
986 2845 1253 2938 Advenienri
1285 2849 1383 2938 Rex
1421 2845 1598 2935 obviam
1641 2835 1758 2932 misrt
1797 2840 1917 2929 trire-

571 3011 664 3073 mes
701 2981 819 3095 suas,
851 2989 926 3104 qui
954 2985 1175 3107 smgularis
1205 2989 1344 3082 honos
1374 3020 1465 3080 non
1496 2985 1633 3080 modo
1664 2977 1916 3103 Neapolita·

569 3152 726 3218 norum
757 3135 990 3250 occupavit
1022 3136 1219 3244 animos,
1251 3126 1321 3224 sed
1354 3127 1639 3250 suspicionem
1664 3129 1796 3220 etiam
1822 3155 1917 3216 mo*
1951 3199 1953 3204 .
2068 3215 2072 3230 ,

569 3277 638 3364 rit
668 3277 847 3366 Venetis
889 3278 1089 3394 aliisque,
1120 3273 1234 3398 quast
1277 3303 1399 3368 antea
1441 3274 1495 3364 ad
1526 3299 1809 3364 communem
1839 3265 1911 3356 de·

569 3411 804 3508 sensionem
836 3419 1205 3538 inimicorumque
1234 3427 1404 3512 ruinam
1450 3423 1545 3512 Rex
1589 3413 1675 3534 ipse
1717 3419 1758 3504 &
1781 3403 1915 3503 ¹Lau·

567 3561 731 3648 rentius
766 3557 1083 3654 consensissent.
1102 3565 1289 3674 Ferunt,
1319 3593 1423 3652 cum
1450 3595 1473 3651 e
1501 3561 1600 3658 navi
1627 3553 1922 3680 egrederetur,

570 3697 727 3814 cupide
758 3707 798 3790 &
829 3698 991 3797 curiose
1020 3705 1075 3816 ad
1104 3736 1207 3796 cum
1237 3705 1669 3824 accurrisseomncm
1713 3699 1917 3796 multitu·

569 3839 747 3950 dinem,
771 3849 811 3948 ὃς
837 3875 887 3936 ex
918 3849 1120 3939 omnibus
1151 3879 1322 3971 quoque
1356 3839 1497 3968 Regni
1527 3849 1720 3982 partibus
1750 3837 1916 3928 multos

428 4054 431 4060 -
569 3982 807 4104 Neapolim
837 3989 1047 4085 advenisse
1075 3991 1283 4104 noscendi
1318 3991 1452 4085 caussa
1486 3989 1704 4093 Heroem,
1734 3982 1808 4100 qui
1843 4003 1910 4066 ae·

570 4134 868 4246 quabiliratem
900 4141 1062 4258 privati
1084 4139 1274 4232 hominis
1294 4133 1537 4258 praestantia
1554 4128 1725 4223 virturis
1740 4191 1755 4236 ,
1772 4121 1914 4244 digni·

570 4275 670 4361 tatis
693 4305 742 4364 ac
779 4277 977 4371 fortunae
996 4279 1091 4375 suae
1110 4315 1199 4374 non
1220 4283 1354 4372 modo
1384 4275 1651 4396 transgressus
1670 4261 1827 4375 suerat,
1851 4257 1921 4357 sed

570 4415 704 4515 suam
733 4447 807 4548 par
838 4419 1024 4523 evaserat
1045 4423 1224 4522 summis
1243 4425 1434 4550 Regibus
1454 4491 1464 4516 .
1483 4421 1637 4520 Plcuac
1655 4407 1923 4522 crantviae,
