4492 5860
657 523 717 625 '34
837 479 1747 624 Laoinunt'atltotbrs

593 756 639 822 ta
671 729 756 826 est.
791 729 886 824 Sed'
909 735 956 826 in
992 733 1188 830 universa
1221 741 1340 834 ltalia
1381 743 1413 834 ii
1446 741 1714 837 invaluerant
1753 743 1945 854 morea,

482 989 490 998 ⁸
593 895 662 970 ut¹
680 877 890 996 praeclare
926 909 963 984 a,
988 876 1071 972 suis
1110 881 1289 1004 postam
1330 891 1430 976 &a
1469 883 1510 977 se
1554 883 1787 1006 susceptam
1829 913 1929 1006 ope·
1973 965 1980 978 .

543 1147 550 1166 ⁰
592 1049 685 1111 ram
729 1023 1000 1115 arbitraretur
1051 1027 1303 1120 Laurentius
1356 1030 1571 1122 incitandi
1615 1027 1929 1147 adjuvandique

593 1167 707 1258 cives
739 1165 835 1261 suos
864 1170 919 1259 ad
955 1169 1127 1264 divitias
1162 1173 1390 1292 parandas,
1434 1181 1476 1266 δι
1517 1175 1571 1266 ad
1614 1170 1946 1266 consulendum

591 1339 665 1436 per
693 1315 766 1404 has
808 1315 994 1434 gloriae,
1024 1313 1260 1436 splendori,
1294 1329 1336 1410 δι
1376 1344 1584 1436 quantum
1617 1315 1712 1410 lieri
1735 1329 1926 1436 poterat,

592 1457 886 1550 incolumitati
919 1461 1229 1581 Reipublicae.
1276 1457 1472 1554 Profecto
1508 1461 1616 1553 haec
1659 1457 1777 1580 saepe
1816 1460 1926 1550 divia

591 1603 749 1692 tiaram
784 1599 967 1695 lubfidio
1003 1601 1162 1696 servata
1195 1603 1311 1714 suit,
1342 1605 1459 1726 quod
1491 1589 1546 1696 eo
1586 1605 1772 1694 validius
1795 1625 1925 1711 erat,
2057 1669 2061 1678 ·

590 1748 689 1866 quia
731 1753 827 1838 toni
864 1753 1043 1857 eorum,
1079 1752 1152 1868 qui
1199 1751 1401 1869 egebant,
1438 1783 1493 1842 ne
1532 1747 1713 1841 summis
1751 1729 1941 1866 quidem·
2066 1745 2070 1756 '

588 1891 783 2014 Regibus
815 1894 1034 2012 exceptis,
1066 1893 1237 2024 infinita
1266 1923 1356 1988 erat
1384 1893 1644 1988 multitudo.
1684 1889 1767 1982 Sed
1795 1885 1922 1977 facile

589 2062 680 2127 etat
712 2041 955 2155 praevidete
989 2043 1131 2149 mala,
1154 2070 1260 2159 quae
1294 2073 1348 2130 ex
1383 2038 1639 2157 largitione,
1676 2031 1816 2126 studio
1851 2053 1926 2148 pev'

588 2181 766 2288 cuniae,
791 2207 1073 2306 corruptaque
1093 2185 1328 2273 ambitione
1350 2181 1579 2299 aliquando
1603 2173 1734 2268 essent
1752 2199 1932 2294 eruptue

587 2348 632 2410 ta
653 2392 666 2432 ,·
712 2319 835 2410 Nam
885 2350 982 2415 tum
1023 2325 1235 2448 gloriam,
1280 2321 1471 2435 samam,
1523 2325 1734 2416 honorem
1777 2318 1923 2408 bonor

587 2463 849 2588 ignavosque
883 2497 1015 2588 aeque
1049 2465 1127 2558 libi
1163 2495 1391 2589 exoptant,
1428 2477 1470 2558 bt
1501 2469 1576 2558 ubi
1610 2479 1711 2586 opes
1741 2459 1924 2554 familia·

586 2641 652 2705 res
686 2607 920 2722 deficiunt,
949 2609 1003 2700 ad
1032 2615 1201 2729 quaevis
1233 2607 1422 2706 facinora
1456 2615 1590 2704 animi
1622 2605 1748 2700 facile
1776 2607 1924 2699 incen⁴

585 2755 773 2862 duntur,
804 2753 881 2846 ubi
921 2754 1162 2846 redundant
1200 2767 1327 2874 atque
1371 2753 1684 2861 effunduntur,
1712 2747 1922 2870 principa·

585 2919 656 2989 tus
686 2895 914 3012 'ceterisque
947 2897 1200 2990 dominandi
1242 2899 1454 3016 cupiditas
1495 2893 1757 2990 innascitur.
1794 2889 1923 2980 Hinc

584 3039 809 3132 innumera
833 3041 907 3130 illa
932 3021 1165 3132 execranda
1182 3027 1508 3134 ambitiosorum
1526 3041 1755 3132 hominum
1778 3059 1921 3125 exem-

582 3186 674 3303 pla,
705 3189 779 3304 qui
808 3189 997 3306 patriae,
1019 3188 1285 3305 parentibus,
1306 3187 1388 3276 aris
1419 3211 1545 3304 arque
1579 3181 1691 3274 focis
1720 3179 1804 3272 suis
1832 3173 1920 3265 bel,

523 3329 539 3356 ⁸
582 3331 622 3418 la
651 3329 855 3421 intulere.
889 3333 995 3441 Sed,
1028 3359 1080 3424 ut
1113 3333 1327 3439 diximus,
1362 3332 1569 3448 quoniam
1602 3319 1736 3414 irase
1777 3343 1921 3410 motet

582 3469 823 3579 habebant,
852 3497 904 3562 ut
944 3475 991 3563 in
1022 3503 1175 3594 magna
1196 3479 1422 3563 'virtutum
1455 3471 1600 3586 inopia
1632 3465 1707 3550 illa
1745 3463 1806 3547 in>
1823 3487 1922 3574 pre··

584 3613 651 3700 tio
692 3611 823 3706 essent
867 3619 1000 3727 vitia,
1051 3625 1159 3733 quae
1198 3645 1329 3735 prope
1376 3615 1585 3700 virtutem
1627 3601 1752 3708 sunt,
1786 3592 1920 3688 effusa

582 3749 843 3868 liberalitas,
890 3741 1246 3878 magnificentia,
1290 3755 1507 3861 ambitio,
1555 3741 1818 3839 excusandus
1855 3733 1916 3832 cst
1951 3735 1969 3762 “’

582 3879 873 4010 Laurentius,
889 3903 1008 4022 quod
1044 3903 1239 4020 largitor
1268 3894 1367 3990 ell'et
1406 3895 1633 4016 pecuniae,
1663 3888 1806 4004 hujue
1826 3886 1919 3974 viat

581 4045 885 4163 conquireret,
930 4041 1163 4161 ceterisque
1216 4039 1496 4148 monstraret,
1539 4037 1767 4150 &otium
1805 4027 1918 4118 civi*

435 4238 437 4253 ι
581 4185 660 4276 tati
700 4183 797 4280 suae
834 4202 938 4279 cum
972 4187 1196 4310 splendore
1239 4213 1412 4303 parete,
1449 4193 1490 4276 &
1525 4185 1674 4287 cives,
1706 4177 1783 4294 qui
1826 4197 1920 4260 mee

583 4329 765 4418 moriam
807 4327 872 4422 soi
918 4333 1178 4454 praeclaram
1229 4335 1270 4420 dt
1313 4332 1522 4420 virtutem
1562 4319 1736 4445 posteris
1787 4317 1916 4410 resins

576 4497 708 4590 quere
739 4501 828 4560 non
859 4499 1080 4588 poterant,
1109 4474 1258 4572 saltem
1270 4487 1310 4564 'a
1339 4473 1480 4566 noxiis
1507 4467 1784 4586 Reipublicae
1806 4481 1916 4554 coto·
