4472 5858
494 581 514 600 ,,
607 485 1075 583 Maourrrcr
1138 482 1350 581 Vtra·
1556 511 1615 602 93
1707 593 1713 608 ⁸

340 699 579 817 desereret,
621 703 837 827 respondit
878 708 989 802 hanc
1024 705 1078 796 ad
1115 711 1356 798 extremum
1402 703 1532 826 osque
1571 707 1690 796 vitae·

324 849 454 954 ‚diem
489 879 663 971 propter
687 845 908 971 privatum
941 850 1162 968 utriusque
1195 853 1358 942 bonurn
1391 859 1432 944 δι
1462 851 1682 969 publicam

340 992 483 1086 ltaliae
522 997 757 1086 utilitatem
797 991 837 1084 se
878 991 1062 1086 fideliter
1104 992 1368 1086 servaturum
1400 977 1680 1109 (99)'.'1nte·

339 1137 423 1225 rim
465 1137 615 1255 Legati
660 1169 684 1228 a
719 1133 924 1247 Caesare,
957 1137 1185 1228 Ludovico
1226 1137 1467 1230 Galliarum
1512 1143 1552 1226 δι
1588 1135 1682 1222 Ma·

339 1276 430 1368 thia
459 1278 659 1370 Corvino
689 1281 933 1372 Pannoniae
977 1283 1164 1398 Regibus
1205 1280 1465 1372 Florentiam
1496 1305 1679 1368 venere.

331 1419 407 1510 -Hi
447 1417 488 1512 se
530 1423 808 1542 Reipublicae
852 1455 941 1515 non
982 1422 1206 1512 defuturos
1245 1424 1537 1540 pollicentur;
1568 1421 1678 1508 Lau·-

339 1565 466 1654 rentii
495 1567 704 1656 virtutem·
747 1567 1110 1682 constantiamque
1142 1566 1410 1675 collaudant,
1446 1568 1499 1655 ab
1544 1593 1686 1680 eoque

337 1703 503 1796 summe
533 1733 716 1826 petunt,
747 1737 799 1800 ut
829 1708 1273 1824 justamiaacundiam
1312 1710 1428 1800 suam
1460 1705 1681 1825 Reipuola

339 1876 412 1936 cae
436 1849 666 1948 dimittat:
687 1879 841 1966 cupere
871 1856 988 1941 enirn
1018 1851 1082 1960 se,
1115 1855 1236 1969 cujus
1267 1849 1403 1942 caulla
1434 1845 1540 1938 milsr
1562 1847 1675 1978 'sue-

223 2105 225 2110 '
331 2015 466 2099 rant,
493 2017 546 2080 ut
580 1989 892 2084 controversiae
922 1995 1205 2102 tollerentur,
1248 2021 1374 2110 atque
1418 1997 1560 2083 omnis
1597 1993 1677 2080 lta·-

329 2133 395 2224 lia
438 2157 583 2222 metu·
605 2133 879 2224 liberaretur.
924 2137 976 2224 lis
1012 2127 1185 2254 quidem
1227 2135 1445 2256 respondit
1493 2135 1686 2222 Lauren·-¹

329 2277 423 2366 ¹tius
452 2276 506 2364 ad
537 2277 685 2365 omnia·
725 2274 765 2366 se
806 2274 1057 2368 descendere
1084 2305 1319 2396 paratum,
1361 2305 1487 2396 atque
1529 2275 1679 2366 omnia

337 2422 425 2536 pati
471 2419 757 2537 Reipublicae·
796 2425 965 2538 gratia;
1003 2420 1114 2511 hanc
1156 2452 1247 2511 non·
1290 2417 1492 2508 maleficii
1536 2411 1675 2506 caussa*

337 2591 451 2650 anna
479 2557 805 2682 sumpfille‚1sed
837 2565 904 2653 uti
936 2561 980 2654 se
1005 2593 1029 2652 a
1060 2563 1343 2654 contumeliis'
1367 2557 1680 2653 crudelissimoe

326 2731 433 2792 rum
463 2699 648 2792 hostiurn
678 2701 959 2802 defenderem
990 2703 1148 2794 horum
1175 2703 1356 2824 insignes
1385 2695 1678 2796 atrociffirnasae

336 2873 417 2960 que
447 2845 619 2956 injurias
659 2847 709 2932 in
747 2840 792 2931 se·
826 2843 964 2962 ipsum
1008 2875 1352 2956 commemorat,
1396 2855 1435 2936 δι
1477 2843 1673 2962 quamvis

336 3017 384 3075 ca
422 2983 520 3076 esl'et
551 3013 700 3076 natura
741 2988 931 3078 Romani
972 2985 1227 3096 Pontificio,
1269 3015 1321 3079 ut
1361 3013 1560 3108 magnam
1604 3015 1679 3102 pa«

336 3131 400 3218 oia
424 3124 754 3242 desperationem
783 3127 969 3238 afferret,
1001 3161 1091 3220 non
1121 3129 1384 3220 recusaturos
1409 3157 1551 3220 tamen
1577 3127 1674 3214 Flo·

335 3273 524 3364 arentinos
556 3270 838 3385 docet,.quin
865 3271 1048 3362 adeum
1079 3270 1229 3390 Legati
1259 3277 1417 3362 iterum
1450 3273 1676 3360 mittereac

335 3446 405 3510 tur
438 3453 526 3510 non
556 3419 608 3506 ad
638 3420 919 3507 concordiam
951 3449 1024 3537 per
1055 3424 1272 3539 colloquia
1304 3417 1678 3523 constituendam,

332 3561 404 3654 sed
445 3561 503 3650 ad
538 3559 883 3680 patefaciendum
925 3563 1157 3668 omnibus,
1188 3564 1303 3652 unde
1343 3589 1413 3654 tot
1452 3561 1671 3650 malorum·-

334 3703 468 3795 caulla
509 3713 549 3796 da
585 3709 717 3823 origo·
749 3703 848 3796 esset
865 3771 884 3796 ..
913 3703 1067 3822 Legati
1107 3705 1396 3796 decernuntur
1431 3699 1675 3820 amplissimi

332 3850 545 3954 civitatis,
578 3851 656 3963 qui⁴
682 3851 876 3938 Romana·
901 3873 1007 3936 cunr
1044 3847 1334 3956 advenissent,
1371 3847 1513 3938 statim
1545 3844 1671 3935 intel-

331 3995 526 4082 lexerunt
561 3990 721 4086 odium.
746 3985 971 4078 Pontificis
1002 4021 1082 4082 nec
1117 4017 1376 4110 magnorum
1400 3993 1571 4108 Regum
1607 3983 1676 4073 fae

329 4161 434 4224 vore
474 4145 535 4224 dc·
556 4128 696 4220 studio
742 4131 900 4248 deponi
918 4194 939 4240 ,.
973 4160 1060 4224 neca
1084 4164 1216 4250 prece·
1239 4134 1453 4249 mitigari,
1482 4157 1560 4217 nec
1597 4157 1673 4215 ve-r

329 4273 481 4364 tustate
510 4273 623 4392 polle
654 4271 809 4366 sedari.
841 4275 1009 4364 Videras
1043 4301 1147 4362 vero
1177 4275 1432 4362 Laurentius
1463 4266 1671 4388 potentis«

329 4417 431 4510 limi
454 4417 690 4522 Gallorum
719 4419 856 4538 Regis.
879 4417 1122 4510 aruiuitiarn
1135 4479 1155 4528 „
1189 4414 1318 4534 cujus
1332 4443 1337 4452 ·
1352 4411 1515 4510 illustre
1541 4415 1674 4510 dede*
