4474 5858
665 495 746 574 160
865 463 1351 575 Lauuaurri
1411 479 1774 574 Mrotcrs

598 691 768 792 secutus
797 695 854 790 est
886 699 1091 810 maiorem
1119 701 1409 792 celebritatem
1445 695 1648 792 sermonis
1679 701 1937 810 hominum,

598 873 728 959 quam
762 841 1062 959 Hieronymus
1092 844 1379 949 Savonarola,
1410 845 1546 936 homo
1576 878 1664 936 non
1696 841 1937 934 Christiana

498 1099 503 1108 Ι
599 979 949 1094 mansuetudine,
981 1013 1032 1076 ut
1075 987 1171 1094 ille,
1202 982 1272 1076 sed
1305 981 1390 1103 ipsa
1427 981 1593 1076 tristitia
1623 1017 1672 1092 ae
1714 984 1937 1077 severitate

598 1129 834 1246 popularis,
853 1125 974 1239 cujus
997 1131 1180 1220 astiones
1202 1129 1307 1220 adeo
1340 1128 1588 1237 conjunctae
1620 1128 1796 1222 fuerunt
1830 1158 1933 1218 cum
1983 1155 1988 1166 ·

597 1267 813 1360 universae
843 1269 1064 1360 Laurentii
1092 1267 1278 1362 familiae
1307 1267 1510 1379 fortuna,
1542 1296 1592 1362 ut
1627 1272 1679 1362 de
1709 1304 1761 1362 eo
1788 1270 1934 1390 paullo

598 1408 810 1527 copiosius
840 1410 1075 1501 dicendum
1115 1441 1291 1530 putem.
1326 1415 1468 1506 Natus
1511 1417 1584 1506 ille
1625 1411 1801 1504 honesto
1832 1413 1934 1501 loco

600 1551 809 1643 Ferrariae
839 1556 885 1642 in
915 1557 1306 1646 Dominicanorum
1338 1555 1605 1676 disciplinam
1632 1586 1737 1676 puer
1761 1551 1818 1646 est
1848 1579 1930 1642 tra-

588 1693 739 1804 ditus,
773 1699 819 1785 in
849 1726 928 1813 qua
959 1727 1009 1786 ex
1052 1693 1245 1788 instituto
1286 1696 1470 1790 familiae
1516 1703 1752 1792 litterarum
1786 1693 1931 1811 studiis

601 1866 775 1956 operam
806 1839 948 1950 dedit,
966 1870 1013 1930 ea
1036 1843 1208 1958 quidem
1241 1844 1519 1934 contentione
1541 1843 1720 1960 peractis
1748 1837 1935 1958 ingenii,

601 2004 651 2067 ut
682 1981 801 2069 brevi
832 2011 1012 2102 magnos
1041 1984 1087 2072 in
1118 1986 1240 2076 omni
1271 1981 1356 2075 sete
1388 1984 1634 2076 eruditionis
1664 2012 1814 2102 genere
1834 2009 1933 2099 pro-

600 2117 756 2238 gressus
789 2119 957 2216 fecerit.
991 2121 1183 2214 Etcum
1225 2141 1366 2218 r'erum
1408 2129 1672 2248 cognitioni,
1703 2125 1934 2234 sacrarum·

600 2288 684 2376 que
721 2264 957 2350 litterarum
997 2264 1196 2356 scientiae
1236 2245 1435 2387 magnam
1475 2255 1647 2360 dicendi
1684 2265 1933 2356 facultatem

598 2401 836 2516 adjecisset,
869 2407 1098 2498 conciones
1129 2408 1182 2500 de
1224 2411 1430 2530 religione
1471 2411 1524 2500 ad
1565 2411 1775 2528 populum
1811 2403 1927 2520 saepe

602 2541 796 2651 habens,
838 2569 959 2636 tanto
1001 2547 1135 2661 majus
1184 2547 1240 2638 est
1289 2583 1447 2643 nomen
1497 2550 1932 2664 existimationemque

596 2673 878 2795 consecutus,
898 2696 1059 2804 quanto
1082 2691 1216 2810 magis
1239 2689 1280 2781 se
1305 2723 1328 2780 a
1359 2697 1617 2811 contagione
1648 2695 1935 2782 humanarum
1966 2717 1968 2722 ·

594 2829 886 2945 cupiditatum
928 2831 1172 2943 abduxiffe,
1214 2842 1255 2924 u
1297 2819 1546 2926 modestiam
1589 2831 1935 2946 sanctitatemque

602 2966 784 3060 dodoris
815 2971 1045 3062 hominum
1077 2973 1255 3064 induisse
1279 2977 1521 3068 videbatur.
1544 2972 1686 3084 Hujus
1712 2969 1824 3060 fama
1841 2997 1931 3087 pcr-

593 3136 746 3201 motus
777 3112 1056 3224 Laurentius,
1087 3123 1127 3206 u
1160 3115 1276 3233 quod
1319 3117 1406 3230 ejus
1450 3115 1652 3232 audiendi
1695 3113 1931 3231 cupiditate

590 3239 826 3369 flagrabat,
859 3263 898 3343 u
929 3256 1045 3371 quod
1074 3260 1227 3348 virtuti
1253 3259 1463 3350 honorem
1481 3257 1639 3374 semper
1657 3253 1935 3345 tribuendum
2042 3245 2046 3252 ’

601 3397 790 3509 putavit,
823 3391 960 3511 ipsum
991 3397 1253 3489 Florentiam
1296 3431 1361 3492 an.
1402 3427 1699 3492 uccocrxxxrx.
1744 3395 1931 3484 accivit.

545 3598 549 3607 ·
591 3532 860 3648 -Quanquam
890 3539 937 3626 in
956 3536 1251 3654 disponendis,
1271 3543 1663 3659 componendisque
1691 3538 1814 3640 rebus
1838 3533 1932 3622 nul·

600 3669 687 3758 lam
720 3674 986 3790 diligentiam
1015 3681 1232 3772 adhiberet
1272 3685 1529 3772 Savonarola
1548 3746 1575 3790 ,
1597 3689 1637 3770 &
1668 3677 1930 3767 munditiam

564 3815 642 3914 T&
678 3815 928 3931 elegantiam
959 3821 1163 3912 orationis
1180 3827 1449 3944 negligeret,
1482 3853 1617 3941 neque
1660 3818 1759 3910 ellet
1799 3823 1846 3908 in
1881 3845 1935 3908 eo

605 3957 725 4044 vocis
770 3954 994 4072 splendor,
1041 3969 1081 4050 dt
1116 3968 1297 4056 actionis
1338 3966 1546 4084 dignitas,
1592 3989 1831 4081 opportuna
1875 3985 1936 4048 ta-

606 4128 709 4190 men
741 4098 896 4190 stontis
925 4101 1161 4218 percuffiO,
1188 4114 1227 4194 dt
1259 4107 1415 4222 pedum
1448 4103 1679 4222 supplosio,
1712 4131 1935 4221 argumen-

602 4261 646 4326 ta
675 4271 726 4330 ex
771 4243 1024 4358 reipublicae
1060 4244 1213 4352 malis,
1244 4255 1303 4364 &¹
1326 4277 1377 4336 ex
1408 4270 1654 4364 temporum
1687 4243 1936 4333 conditione

604 4383 646 4470 δι
685 4383 878 4477 moribus
907 4412 1091 4505 arrepta,
1122 4413 1270 4484 acutae
1301 4388 1548 4507 crebraeque
1579 4385 1831 4498 sententiae,
1864 4385 1937 4474 ha-

1777 4555 1876 4619 rum
