4492 5860
624 487 1370 587 Macurerchran
1541 499 1602 604 63

325 708 581 802 convivium
601 743 669 804 eo
692 739 919 834 apparatu,
948 711 1023 830 qui
1050 709 1219 802 deceret
1239 706 1462 817 homines,
1478 707 1554 824 qui
1571 735 1664 800 non

323 835 413 940 tam
444 851 652 970 probitate
682 862 723 945 &
752 849 977 964 industria,
996 883 1124 972 quam
1156 853 1389 944 divitiis&
1420 847 1664 969 sumptibus

323 1023 424 1084 cum
468 996 699 1111 majoribus
742 992 827 1090 suis
867 997 1111 1088 certabant.
1154 997 1230 1086 Ad
1259 995 1370 1086 illud
1400 1018 1546 1086 tamen
1576 995 1659 1084 mi·

323 1135 441 1228 nime
470 1137 636 1232 accessit
670 1121 889 1251 Julianus,
920 1141 1038 1258 quod
1068 1135 1242 1231 molesta
1283 1140 1438 1256 pituita
1479 1136 1660 1256 impedi-

322 1304 462 1372 retur.
495 1279 619 1374 Hinc
650 1283 877 1378 confilium
908 1286 1069 1374 initum
1100 1278 1380 1373 transferendi
1411 1283 1575 1373 crimen
1605 1280 1664 1370 ad

324 1453 381 1514 vr.
409 1421 508 1513 Kal.
544 1423 677 1540 Maias
705 1427 775 1544 (is
818 1455 915 1522 tum
951 1453 1040 1518 erat
1069 1453 1205 1515 annus
1234 1451 1537 1517 mccctnxxvm.
1567 1422 1662 1512 dies

322 1596 429 1686 tero
467 1567 727 1660 Dominicus
766 1595 873 1696 ante⁸
906 1563 1213 1661 Ascensronem
1245 1565 1437 1684 Christi)
1466 1597 1555 1687 quo
1585 1565 1657 1686 die

321 1707 562 1804 Cardinalis
594 1707 635 1802 se
665 1716 712 1804 in
742 1715 848 1806 tube
874 1713 1034 1805 iterum
1075 1713 1190 1832 apud
1219 1713 1500 1804 Laurentium
1529 1737 1652 1830 pran-

320 1843 468 1942 surum
512 1849 796 1968 significavit.
839 1853 969 1946 Nihil
1013 1854 1105 1946 doli
1149 1852 1361 1974 suspicans
1405 1854 1663 1942 Laurentius

320 1992 438 2084 idem
469 1989 511 2083 se
540 1995 650 2085 velle
679 1993 896 2112 respondit
925 1995 1042 2114 quod
1074 1994 1296 2114 placuisset
1324 1995 1577 2102 Cardinali,
1607 2022 1660 2082 ac

318 2131 439 2249 jobet
468 2138 657 2247 tabulas,
698 2163 960 2246 toreumata,
1004 2166 1219 2256 gemmas,
1263 2168 1470 2258 magnum
1506 2139 1659 2227 caelati

318 2281 483 2396 argenti
511 2280 679 2404 pondus
710 2307 930 2398 ceteraque
959 2274 1231 2396 hujusmodi,
1255 2280 1409 2398 quibus
1431 2279 1590 2369 mirmn
1608 2279 1657 2368 in

318 2420 503 2512 modum
532 2417 803 2532 abundabat,
831 2424 1022 2542 exponi,
1054 2451 1163 2539 quae
1204 2421 1324 2536 aedes
1356 2417 1446 2512 suas
1473 2417 1660 2540 splendi-

317 2557 481 2672 dioteS,
511 2570 552 2654 δι
582 2569 839 2660 convivium
875 2561 1222 2686 magnificentius
1264 2559 1481 2658 facerem.
1528 2566 1657 2654 Sum·

317 2732 397 2794 mo
426 2734 551 2796 mane
580 2708 764 2801 audiunt
794 2707 1005 2826 conjurati
1041 2707 1266 2819 Julianum
1307 2709 1490 2798 minime
1531 2703 1654 2795 adsu-

317 2867 467 2938 turum
496 2852 734 2960 convivio,
769 2850 885 2970 quod
922 2852 1065 2942 minua
1105 2851 1218 2940 belle
1257 2849 1313 2942 se·
1340 2852 1541 2953 haberct;
1586 2877 1659 2936 ac·

316 2983 528 3080 cessurum
558 3017 702 3081 tamen
732 2992 786 3080 ad
826 2991 1039 3110 templum
1083 2993 1244 3108 majus,
1278 2994 1397 3112 quod
1438 3023 1463 3081 a
1494 2992 1534 3080 S.
1568 2991 1657 3079 Rev

315 3155 456 3248 parata
489 3163 650 3222 nomen
693 3131 843 3238 habet,
885 3161 988 3222 cum
1032 3131 1160 3242 fratre
1204 3161 1302 3224 tum
1343 3135 1511 3251 pietatis
1552 3157 1652 3246 erga

315 3270 500 3380 Deum,
541 3300 638 3362 tum
680 3273 856 3364 honoris
907 3271 1044 3364 caussa
1088 3303 1185 3398 erga
1228 3273 1532 3364 Cardinalem.
1582 3267 1655 3362 De

315 3409 591 3505 conficiendo
632 3441 732 3533 ergo
774 3417 954 3534 nogotio
993 3415 1054 3505 ita
1094 3411 1361 3520 deliberant;
1391 3441 1561 3532 tempus
1593 3409 1658 3502 sa·

314 3558 380 3650 cri
408 3550 609 3650 solemnis
635 3555 971 3677 opperiendum,
1000 3558 1177 3649 initium
1210 3559 1349 3651 caedis
1379 3555 1655 3672 faciendum,

314 3728 420 3792 cum
449 3697 710 3790 Eucharistia
740 3700 1031 3809 attolleretur,
1048 3702 1117 3790 vel
1146 3725 1196 3791 ut
1225 3703 1298 3791 alii
1329 3700 1530 3806 tradunt,
1550 3727 1656 3788 cum

313 3841 603 3962 frangeretur,
619 3847 689 3934 vel
711 3841 998 3936 absumeretur
1014 3843 1061 3956 (7
1071 3841 1135 3958 3);
1153 3869 1205 3935 ut
1223 3841 1470 3935 Franciscus
1487 3844 1658 3934 Paslius

313 3992 357 4078 dt
385 3985 621 4102 Bernardus
652 3985 887 4076 Bandinius
917 4013 1072 4078 manus
1105 3983 1282 4092 juliano
1309 3985 1528 4096 injiciant,
1559 3985 1658 4074 An-

314 4131 460 4222 tonius
488 4123 684 4242 Massejus
714 4137 755 4218 dt
786 4127 1023 4246 Stephanus
1049 4127 1253 4219 Sacerdos
1283 4129 1434 4246 gladiis
1462 4122 1658 4212 adorian-

314 4295 386 4364 tor
427 4273 737 4380 Laurentium,
770 4270 1029 4362 detreslante
1058 4271 1241 4386 impium
1271 4297 1382 4358 onus
1417 4263 1652 4357 Montesic-

316 4440 405 4526 co,
434 4417 510 4529 qui
545 4443 568 4503 a
604 4410 646 4505 se
690 4416 869 4512 minime
889 4413 1103 4526 ‚obtinere
1144 4402 1273 4526 posse,
1290 4403 1559 4542 affirmabat,
1603 4435 1656 4503 ut
