4472 5858
646 505 727 581 ¹52
849 471 1332 566 Launnttrrr
1394 471 1756 567 Mentora

582 693 808 812 ingenium
857 689 1144 783 excolendum
1191 693 1357 782 civibus
1398 688 1481 782 iuis
1522 695 1656 812 magis
1705 681 1937 806 magisque.

583 833 899 954 suppeditaret,
943 834 1055 925 milit
1097 837 1143 926 in
1186 833 1440 942 Graeciam,
1483 838 1529 924 in
1571 829 1748 938 Aliam,
1789 837 1829 918 δι
1855 830 1918 962 ιἰιι

582 979 740 1066 multas
771 977 965 1094 Europae
1006 1003 1141 1096 partes
1171 978 1366 1068 homines
1407 977 1583 1084 nouos,
1626 978 1701 1094 qui
1746 1001 1919 1088 compa·

583 1117 732 1208 rarent‘
756 1151 886 1208 manu
915 1117 1093 1238 scriptos
1126 1123 1297 1212 codices
1328 1117 1521 1209 Graecos
1556 1105 1685 1234 atque
1711 1115 1916 1207 Latinos.

580 1261 713 1348 iniis
748 1259 834 1350 fuit
875 1261 1058 1370 Joannes
1090 1261 1283 1355 Lascares
1326 1270 1394 1356 vir
1433 1293 1635 1386 magnus,
1667 1243 1918 1376 'summoque

578 1404 626 1492 in
661 1402 842 1494 Graecia
872 1405 973 1493 loco
1004 1433 1151 1518 natus,
1182 1412 1257 1524 qui
1296 1408 1349 1498 de
1391 1409 1477 1498 hoc
1514 1405 1734 1496 Laurentii
1778 1385 1920 1490 studio

576 1545 626 1634 in
661 1545 864 1662 epistola,
891 1579 973 1666 qua
1003 1551 1130 1641 Petro
1162 1551 1325 1641 Medici
1357 1547 1446 1664 ejus
1477 1547 1571 1638 filio
1601 1529 1920 1660 Anthologiam

575 1682 844 1782 Graecorum
884 1681 1237 1811 epigrammatum
1283 1696 1588 1811 nuncupavit,
1615 1686 1927 1778 admirabiliter¹

576 1828 799 1944 loquitur.
833 1835 915 1924 Ait
946 1837 1060 1924 enim
1097 1839 1209 1926 inter
1238 1861 1375 1926 cetera
1415 1830 1552 1950 ipsum
1595 1831 1770 1930 dateatta
1811 1831 1923 1918 antia

578 1997 751 2087 quoram
785 1971 916 2092 usque
946 1979 1151 2067 volumina
1185 2005 1240 2068 ex
1269 1977 1450 2066 Graecia
1481 1973 1537 2076 ti*
1572 1974 1764 2088 finitimis
1795 1971 1920 2090 regia-

576 2113 696 2204 atibus
743 2118 897 2205 colletla
934 2120 1176 2212 Florentiam
1216 2148 1364 2242 atagaa
1406 2103 1635 2239 diligentia
1653 2116 1709 2221 ἐφ
1740 2103 1921 2234 sumpti·

575 2251 651 2342 bus
681 2257 982 2374 transferenda
1023 2261 1197 2382 curasse,
1244 2283 1369 2380 atque
1413 2265 1525 2352 inter
1565 2285 1613 2350 ea
1659 2287 1737 2350 nort
1780 2257 1916 2346 satiatur

575 2423 702 2510 qaam
731 2402 923 2518 octoginta
952 2421 1096 2518 opera,
1127 2407 1202 2494 illa
1231 2401 1469 2520 tempestate
1499 2403 1720 2521 incognite,
1752 2401 1917 2488 aroana!-

575 2539 620 2624 la
651 2540 800 2646 etiam,
825 2569 998 2658 qaorum
1018 2549 1091 2636 ael
1110 2568 1319 2635 auctorum
1345 2573 1484 2634 noaret}
1507 2543 1796 2666 ignorabatur,
1809 2539 1921 2650 jam·

574 2677 651 2768 diu
682 2686 885 2800 neglecta.
900 2753 908 2772 .
926 2753 959 2774 ..
992 2684 1042 2773 ab
1072 2688 1248 2778 interita
1269 2683 1346 2804 suo
1377 2707 1621 2804 recuperata
1646 2685 1780 2804 fitilla.
1812 2683 1921 2774 sano

576 2849 667 2912 non
709 2824 918 2916 mediocri
956 2831 1078 2946 copia
1119 2826 1335 2921 librorum
1377 2857 1541 2950 poterat
1583 2827 1660 2920 elle
1692 2845 1924 2918 contentus
1971 2881 1975 2888 -

575 2961 857 3079 Laurentius,
900 2974 973 3086 qui
1018 2973 1221 3092 volebat,
1263 2997 1314 3064 ut
1354 2977 1482 3064 ceteri
1540 2974 1586 3062 in
1627 2970 1698 3062 sua
1739 2970 1917 3088 pecunia

577 3105 897 3221 condiscerent,
924 3118 999 3231 qui
1030 3122 1220 3236 optimus
1249 3116 1454 3234 pecuniae
1480 3110 1638 3204 fruitus
1666 3110 1791 3217 eliett
1820 3141 1920 3228 qua·

574 3279 620 3342 re
653 3254 726 3344 illa
756 3257 963 3372 praeclara
993 3289 1079 3348 vox
1110 3257 1298 3374 ejusdem
1330 3261 1484 3354 merito
1504 3258 1753 3364 extollitur,
1773 3256 1918 3346 laetari

577 3389 620 3481 se
649 3419 765 3488 tanta
791 3394 844 3486 ab
865 3398 1081 3496 Politiano
1098 3433 1146 3490 ac
1173 3397 1414 3495 Mirandula
1444 3397 1687 3520 praesertim
1709 3397 1762 3484 ad
1780 3395 1913 3486 libros

573 3537 778 3626 emendos
808 3537 893 3662 fibi
928 3541 1018 3632 dari
1052 3547 1357 3654 incitamenta,
1386 3571 1437 3635 ut
1460 3543 1657 3651 taudem,
1675 3537 1916 3640 deficienti·

575 3676 653 3766 bus
698 3663 964 3798 sumptibus,
998 3709 1137 3774 totam
1187 3683 1485 3802 supelleiiilem
1527 3686 1799 3804 oppignerare
1843 3709 1916 3770 co*

572 3844 742 3937 geretur
760 3819 797 3932 (a
813 3825 905 3936 54).
925 3823 986 3913 Ea
1016 3853 1215 3943 propter,
1238 3851 1290 3915 ut
1320 3861 1371 3919 ex
1389 3819 1592 3920 Politiani
1622 3828 1748 3946 ipfius
1765 3822 1937 3918 litteris.

571 3963 759 4086 intelligi
803 3963 966 4084 potest,
997 3968 1195 4058 librarios
1225 3963 1453 4092 Veneriis,
1485 3975 1673 4082 Romae,
1705 3968 1919 4088 Neapoli,

570 4133 698 4224 atque
741 4107 843 4200 alibi
877 4107 1083 4220 babebat,
1139 4105 1292 4234 quibus
1332 4103 1415 4206 boc
1440 4131 1593 4208 'unum
1642 4141 1765 4203 curae
1807 4133 1920 4216 erat,

573 4274 625 4348 ut
656 4248 905 4343 celebriores
937 4251 1274 4374 manuscriptos
1305 4251 1474 4347 codices
1507 4239 1813 4360 exscriberem,
1837 4253 1921 4340 mi·

574 4383 694 4488 tifice
725 4388 963 4488 faventibus
989 4427 1152 4497 earum
1181 4401 1412 4500 civitatum
1444 4400 1732 4524 Principibus.
1763 4391 1920 4508 Neque

1771 4542 1861 4610 tne-
