4492 5860
685 463 751 564 58·
865 451 1768 588 LauasutrrMuorers

626 669 845 764 scribenda
873 669 1066 760 Paeliana
1095 671 1391 787 conjuratione
1423 673 1517 792 (64)
1559 680 1791 774 memoriae
1819 667 1963 798 prodi·

625 817 771 926 derit,
800 843 907 930 quae
943 843 997 906 ne
1038 815 1177 911 oeulis
1206 817 1369 910 videret
1399 816 1508 932 suis,
1539 823 1776 914 rutiniinm
1819 815 1859 906 se
1898 812 1969 930 se,

625 986 750 1078 atque
786 953 898 1067 infra
940 987 1089 1048 omnes
1120 985 1315 1072 mortuos
1354 961 1631 1056 amandatum
1668 958 1884 1088 optallet.
1921 957 1968 1064 0

624 1102 895 1195 conditiones
929 1099 1101 1196 miseras
1130 1092 1515 1218 administrantium
1533 1105 1891 1228 rempublicam,
1917 1106 1965 1230 in

620 1247 774 1368 quibus
816 1246 1043 1369 diligentia
1092 1247 1218 1366 plena
1263 1242 1530 1344 simultatum
1577 1247 1663 1362 est,
1705 1250 1964 1370 negligentia

490 1413 491 1416 ‘
622 1393 978 1510 vituperationis,
1031 1385 1109 1484 ubi
1161 1389 1358 1488 severitas
1386 1391 1676 1514 periculosa,
1726 1395 1957 1486 liberalitas

620 1535 806 1654 ingrata,
845 1542 887 1626 br
918 1539 1111 1655 potentia
1150 1533 1413 1654 perniciosa!
1446 1537 1566 1630 Cum
1601 1542 1638 1632 is
1667 1533 1764 1628 ellet
1796 1537 1961 1653 Reipu·
2101 1519 2109 1542 ”

618 1679 756 1773 blieae
795 1675 945 1788 status,
977 1702 1028 1770 ut
1067 1669 1321 1781 Laurentius
1362 1681 1625 1794 &Julianus
1669 1681 1964 1802 principatum

619 1825 667 1917 in
696 1825 872 1954 ciuitate
912 1811 995 1913 sua¹
1029 1823 1302 1936 obtinerent,
1332 1825 1385 1915 ac
1415 1827 1603 1918 manime
1629 1821 1793 1944 populo
1827 1815 1960 1918 essfent

617 1972 808 2089 accepti,
848 1964 934 2060 live
975 1955 1163 2080 invidia,
1200 1959 1285 2059 live
1318 1967 1423 2061 odio
1463 1969 1519 2060 ob
1552 1999 1641 2060 non
1677 1965 1839 2058 delatos
1879 1961 1959 2060 ho·¹

617 2141 763 2220 nores,
794 2118 835 2202 &
864 2111 923 2202 ob
951 2111 1102 2202 inlatas
1142 2113 1318 2228 injurias
1357 2107 1557 2230 quasdam
1587 2109 1745 2224 (nam,
1789 2107 1960 2206 auilote

537 2256 544 2268 ⁴
617 2251 874 2360 Laurentio,
895 2252 974 2341 lex
1003 2251 1142 2352 suerat
1170 2252 1469 2374 promulgata,
1500 2263 1616 2374 qnae
1638 2253 1816 2346 feminas
1844 2249 1962 2352 here·

616 2395 749 2484 ditate
780 2418 952 2512 paterna
981 2387 1196 2511 privabat,
1226 2427 1280 2489 ne
1322 2394 1411 2490 filia
1452 2397 1630 2512 Joannis
1657 2394 1883 2489 Boromaei
1912 2399 1961 2525 &-

614 2563 726 2624 uxor
763 2535 938 2645 Joannis
968 2537 1099 2632 panii
1139 2536 1399 2660 amplissimis
1427 2541 1567 2632 'bonis
1608 2538 1849 2652 ditaretur)
1877 2533 1956 2626 Pa-

509 2784 512 2791 Ι
613 2679 798 2804 iliorum
831 2676 993 2774 familia
1023 2681 1317 2775 nobilitate&
1347 2682 1499 2801 opibus
1529 2680 1703 2800 infignis
1725 2683 1779 2775 de
1802 2703 1960 2788 eorum

613 2823 805 2940 potentia
835 2853 925 2912 non
955 2819 1096 2916 solum
1126 2821 1437 2945 opprimenda,
1467 2821 1537 2918 sed
1567 2823 1717 2932 iisdem
1744 2826 1874 2926 etiam
1903 2821 1958 2916 tle

612 2965 760 3056 medio
791 2967 996 3059 tollendis
1036 2969 1319 3066 deliberavit.
1342 2965 1458 3058 'Uni
1495 2965 1654 3060 obstare
1697 2967 1955 3065 ridebantur

612 3107 803 3201 Renatus
834 3091 882 3200 ’δι
923 3097 1203 3222 Guilelmus,
1234 3115 1310 3230 qui
1340 3109 1544 3226 Blaneam
1585 3110 1807 3209 Laurentii
1841 3105 1957 3198 soro·

610 3281 703 3344 rem
728 3257 775 3346 in
804 3258 1139 3349 matrimonium
1168 3256 1377 3366 duxerat,
1406 3286 1459 3350 ex
1487 3285 1616 3374 eaque
1644 3255 1856 3382 plurimos
1887 3246 1955 3354 sua
2038 3291 2043 3304 ·

609 3393 793 3513 [ceperat
828 3383 1013 3498 liberost
1045 3401 1177 3490 ceteri
1206 3399 1262 3490 nd
1301 3430 1442 3492 unum
1485 3429 1635 3491 numm
1674 3391 1956 3517 paratillunos

609 3537 849 3628 adomnia
893 3537 1110 3630 subeunda
1156 3545 1344 3661 pericula
1375 3571 1454 3662 pro
1484 3545 1643 3662 pat-tiae
1678 3541 1869 3632 libertate
1895 3530 1957 3636 [ῑθ

611 3676 702 3771 fore
733 3669 985 3792 ostendunt,
1015 3679 1143 3801 seque
1174 3717 1264 3802 non
1293 3679 1436 3777 solum
1460 3689 1678 3803 privatas,
1709 3681 1781 3774 sed
1822 3678 1954 3778 etiam

609 3821 800 3950 publicas
842 3821 1017 3962 injurias
1061 3827 1107 3916 vi
1152 3857 1369 3948 manuque
1409 3829 1577 3921 ulturos
1628 3825 1799 3945 jurant.
1854 3820 1967 3933 Qi'
2114 3876 2118 3884 ·
2224 3931 2226 3968 ,

607 3959 793 4096 familiae
827 3957 1030 4088 princeps
1066 3994 1154 4060 erat·
1183 3971 1375 4083 Jacobus
1410 3971 1575 4062 Patrius
1607 3973 1766 4090 primas
1793 3963 1870 4060 libi
1898 3969 1947 4058 in

523 4155 527 4162 ·
604 4137 728 4204 tanto
755 4109 948 4204 facinore
968 4107 1192 4207 allumebat
1205 4179 1218 4222 ,
1231 4185 1234 4190 -
1249 4117 1443 4233 quamvis
1475 4113 1757 4240 firrgtuaribus
1787 4143 1811 4204 a
1837 4110 1978 4200 Lan·

608 4259 748 4350 tentio
789 4283 914 4352 antea
956 4285 1131 4354 ornatus
1173 4254 1315 4354 fuisset
1355 4257 1575 4355 beneficiis
1616 4257 1675 4373 (6
1681 4287 1702 4364 5
1719 4257 1765 4374 );
1807 4261 1849 4348 lt
1893 4249 1948 4348 ad

605 4395 1092 4524 quidlibetaudendum
1121 4405 1302 4504 idoneus
1329 4399 1416 4500 effe
1439 4400 1663 4498 uidebatur
1694 4395 1837 4494 vastus·
1856 4397 1948 4510 arri·
