4474 5858
668 467 749 568 178
867 453 1352 548 Lnunsnurr
1411 448 1774 544 Meorcrs

603 670 747 762 missus
783 670 946 764 suerat.
982 671 1112 784 Quod
1141 669 1364 762 Faventini
1392 669 1471 759 hos
1500 699 1589 759 non
1625 669 1735 760 bene
1770 671 1936 758 animi·

604 843 672 906 tos
703 815 906 932 putabant
930 817 976 904 in
1006 810 1256 932 Astorgium
1274 813 1470 908 Galeotti
1491 809 1657 919 lilium,
1675 839 1803 929 quem
1825 841 1937 900 nun·

605 984 733 1071 quam
764 953 805 1046 se
833 954 1101 1066 deserturos,
1132 965 1171 1046 dt
1198 959 1275 1046 cui
1302 949 1342 1045 se
1371 955 1449 1042 uni
1479 953 1844 1070 obtemperaturos
1867 980 1941 1072 po-

604 1096 694 1188 lam
730 1096 1060 1220 mositeittotur,
1091 1123 1208 1189 tanta
1247 1125 1395 1224 eorum
1428 1095 1565 1185 uirtus
1593 1121 1719 1216 atque
1740 1125 1795 1184 ea
1824 1125 1941 1214 proe-

605 1236 739 1330 sentit
769 1243 909 1332 astitui
946 1240 1064 1350 suit,
1096 1267 1147 1332 ut
1192 1221 1468 1330 Bentivolum
1509 1235 1939 1353 comprehenderint,
1998 1247 2002 1255 “

605 1388 655 1472 dt·
691 1381 1047 1500 Borgominum,
1088 1381 1247 1504 sugatis
1287 1383 1401 1472 illius
1442 1381 1677 1486 militibus,
1720 1375 1943 1471 interfice-4

607 1525 714 1614 rint.
737 1525 850 1612 Mira
879 1521 1069 1640 profesio
1099 1523 1186 1615 fuit
1214 1525 1548 1614 Faventinorum
1571 1519 1809 1628 fortitudo,
1834 1551 1941 1610 con·

607 1665 754 1756 cordia
784 1691 911 1782 atque
940 1661 1166 1754 consensus
1195 1667 1240 1754 in
1282 1661 1559 1755 defendendis
1599 1663 1761 1776 iuribus
1795 1660 1944 1752 Astor-

607 1809 698 1924 gii,
729 1813 770 1896 δι
801 1809 849 1896 in
883 1807 1156 1926 exsequendis
1186 1805 1372 1898 consiliis
1404 1806 1649 1914 Laurentii,
1669 1808 1754 1923 'qui
1786 1801 1826 1894 se
1855 1805 1943 1893 illis

609 1981 829 2066 nunquam
852 1947 1104 2040 defuturum
1135 1947 1387 2068 spopondit.
1409 1945 1530 2038 Misrt
1558 1947 1611 2037 ad
1632 1977 1705 2038 eos
1735 1947 1942 2065 legam

608 2089 868 2211 Dionysrum
899 2093 1109 2180 Puccium
1134 2092 1280 2206 (sss),
1313 2095 1389 2207 qui
1427 2087 1565 2181 llutim
1594 2092 1686 2208 egit
1713 2089 1769 2180 de
1797 2088 1945 2179 Benti-

608 2235 711 2322 volo
739 2239 794 2326 in,
813 2235 1053 2322 libertatem
1083 2265 1109 2325 e
1138 2236 1323 2324 vinculis
1354 2229 1608 2323 eximendo.
1627 2233 1698 2330 Re
1721 2233 1947 2350 segusim-

606 2397 801 2490 petrtta,
829 2375 966 2462 homo
994 2403 1070 2491 pet
1090 2375 1336 2484 Mutilum,
1368 2374 1487 2492 quod
1515 2372 1639 2464 valde
1667 2357 1847 2465 timebat
1876 2368 1950 2460 stt-

607 2541 752 2612 rotem
781 2519 964 2619 eotum,
993 2515 1068 2628 qui
1098 2517 1145 2602 in
1181 2517 1290 2605 valle
1319 2519 1508 2607 Amonis
1541 2515 1811 2622 habitabant,
1843 2489 1946 2599 llo-

610 2660 802 2748 rentium.
834 2655 1088 2746 adducitur.
1125 2655 1335 2776 Hospitio
1372 2685 1576 2776 excepms
1606 2691 1638 2748 *a
1678 2657 1951 2762 Laurentio,

611 2799 686 2890 etii
713 2781 757 2890 l'e
785 2802 921 2888 vitam
960 2795 1110 2888 debete
1144 2800 1288 2916 palam·
1322 2802 1615 2918 praedicabat,
1652 2827 1815 2920 ptutos
1857 2790 1952 2913 post

608 2943 703 3032 dies
732 2938 974 3030 Bononiam
1007 2969 1110 3029 cum
1141 2943 1387 3030 muneribus
1414 2943 1671 3033 dimittitur.
1703 2940 1954 3030 ‘Exortntut

462 3169 466 3174 .
612 3087 741 3175 etism
772 3085 996 3173 Ferentini
1027 3113 1050 3170 a
1081 3083 1332 3188 Laurentio,
1346 3113 1400 3172 ne
1428 3083 1546 3199 quod
1568 3083 1786 3175 crudelius
1806 3085 1956 3171 ineunt

613 3223 843 3316 confilium
876 3224 931 3314 de
959 3221 1205 3334 Franciscs,
1238 3229 1279 3314 δι
1310 3253 1391 3340 pro
1420 3231 1553 3343 gratio
1593 3251 1720 3340 atque
1759 3225 1955 3342 potentia

494 3445 498 3450 .
612 3360 742 3458 sutile
770 3365 989 3475 obtinuit,
1017 3395 1067 3458 ut
1102 3365 1188 3485 ipsu
1229 3362 1471 3454 Bononiam
1500 3363 1557 3450 ad
1583 3391 1747 3482 patrem
1778 3363 1955 3454 transne

613 3503 773 3624 posset.
804 3507 910 3626 Egit
938 3537 1246 3626 quoquotum
1275 3503 1488 3597 Pontifict
1516 3507 1572 3596 de
1598 3507 1672 3596 illa
1703 3509 1845 3596 noxiis
1873 3503 1959 3592 sol-

460 3723 463 3729 ,
500 3642 504 3650 ’
613 3649 752 3738 vende
782 3649 934 3760 (tello).
965 3647 1136 3736 Placuit
1168 3650 1244 3753 ei,
1271 3670 1323 3736 ut
1352 3641 1609 3765 Respublica
1636 3649 1881 3740 Florentino
1908 3649 1957 3734 in

504 3804 513 3814 '
617 3791 746 3886 tantis
775 3791 967 3878 motibus
996 3789 1245 3880 Faventiam
1281 3789 1475 3879 mitteret
1502 3785 1616 3881 satis⁴
1639 3821 1847 3911 magnum
1877 3819 1958 3876 nu·

616 3953 785 4020 merum
815 3927 1012 4048 peditum
1052 3931 1355 4045 equitumque,
1393 3957 1583 4044 quornm
1621 3933 1851 4048 imperium
1880 3931 1958 4018 dt·
2007 3915 2012 3924 ⁸

617 4070 683 4160 dit
711 4073 812 4167 visis
841 4073 1007 4190 generis
1034 4073 1256 4175 claritate,
1285 4075 1326 4157 δι
1367 4066 1448 4156 usu
1489 4069 1592 4157 belli
1630 4065 1958 4188 praestantibus,

618 4215 808 4304 Pisiliani
838 4213 1010 4306 Comiti
1037 4221 1077 4302 se
1109 4209 1331 4300 Rinuccio
1359 4239 1383 4296 a
1415 4207 1655 4302 Martiano.
1682 4213 1820 4301 Porro
1858 4243 1950 4303 non

620 4357 871 4448 uidebantur
908 4385 975 4446 tus
1015 4355 1233 4474 quieturus
1270 4343 1347 4437 nili
1389 4377 1608 4440 armorum
1639 4377 1779 4442 metu.
1813 4353 1956 4444 Erant
