4492 5860
519 503 1097 606 :.'Msslblal!2lcl
1150 509 1405 604 'Vl·T'·A¹
1542 547 1589 622 §l
1676 467 1678 472 Α

316 725 608 818 eblandiretur
643 724 926 840 L'aurentius,
946 755 1012 823 ut
1038 733 1095 822 ad
1131 731 1252 822 illam
1293 730 1547 826 celebriores
1578 759 1661 824 tra·

313 871 514 980 duceret,
528 933 529 938 κ
544 899 736 990 quorum
768 870 986 964 hocloco
1017 876 1175 991 juverit
1197 879 1434 970 nonnullos
1465 879 1660 968 nomina·

314 1041 360 1108 re
373 1039 385 1110 .·
416 1016 674 1134 Eminebnnt
703 1019 815 1107 intei
845 1016 1167 1132 jurisconsultos
1193 1019 1543 1112 Bartholomaeus
1563 1017 1659 1108 Ma-

316 1159 426 1253 riani
449 1163 687 1252 Succinius-
703 1159 895 1252 Senensis
923 1161 1044 1276 (43),
1069 1161 1227 1254 Baldus
1258 1163 1529 1269 Bartolinius,
1560 1158 1657 1270 seu,

315 1333 368 1398 ut
385 1309 533 1397 vocari
554 1302 683 1413 solet,
702 1305 857 1396 Baldus
876 1305 1019 1418 junior
1041 1306 1161 1421 (44),
1180 1307 1476 1401 Lancellottus
1501 1305 1658 1400 &Phi-

312 1451 457 1568 lippus
483 1445 670 1540 Tristani
703 1451 837 1540 Decii
855 1446 938 1542 filii
966 1453 1089 1568 (45),
1119 1453 1266 1544 Petrus
1295 1453 1517 1572 Philippus
1547 1447 1658 1540 Cora

311 1595 410 1685 nius
435 1593 558 1711 (46),
583 1593 757 1682 Felinus
783 1593 973 1686 Sandeus
1003 1595 1125 1710 (47),
1154 1605 1196 1688 δι
1224 1593 1473 1688 Franciscus
1494 1591 1657 1684 Accol-

308 1761 382 1854 tus
402 1735 520 1850 (48),
539 1740 613 1852 qui
631 1765 783 1829 omnes
801 1769 894 1830 non
910 1737 1045 1832 modo
1063 1741 1109 1830 in
1140 1743 1269 1832 unius
1285 1743 1555 1860 provinciae,
1586 1734 1656 1830 led

312 1885 359 1970 in
388 1881 587 1968 omnium
613 1875 700 1968 stre
729 1883 924 1998 gentium
954 1882 1052 1972 luce
1081 1909 1207 2000 atque
1237 1885 1373 1976 oculis
1403 1883 1549 2001 magni
1578 1907 1654 1996 pu-

310 2026 530 2116 tabantur.
563 2022 725 2111 Primos
755 2023 802 2110 in
843 2022 1058 2114 medicina
1095 2029 1275 2146 agebant
1316 2027 1566 2120 Albertinus
1601 2021 1654 2117 dt

312 2166 536 2258 Chizzolis
564 2166 942 2280 (49),·Alexander
972 2167 1220 2260 Sermonem
1250 2169 1372 2283 (50),
1391 2167 1572 2290 ‚loannes
1601 2164 1655 2256 de

304 2311 471 2428 Aquila
508 2307 628 2424 (51),
668 2311 887 2402 &Petrus
917 2312 1130 2418 Leonius,
1160 2314 1235 2429 qui
1272 2313 1449 2402 cuuilos
1479 2306 1653 2398 meden-

310 2453 357 2544 di
390 2477 478 2544 arte
511 2456 670 2544 anteire
699 2455 928 2573 putabatur
958 2454 1080 2571 (52),
1112 2455 1160 2546 in
1205 2451 1471 2573 philosophia
1513 2448 1654 2540 Nico·

303 2599 402 2690 ¹laus
435 2597 668 2720 Ti'gnofius
700 2597 744 2711 (5
757 2603 828 2714 3),·
852 2600 897 2688 in
933 2598 1260 2692 humanioribus
1290 2599 1443 2694 litteris
1465 2595 1652 2691 Laurens

308 2746 396 2836 tius
439 2743 615 2862 Lippius
655 2745 758 2872 (54)
779 2739 784 2748 '
809 2752 850 2835 δι
891 2742 1243 2838 Bartholomaeus
1297 2771 1321 2832 a
1357 2741 1487 2832 Prato
1516 2735 1651 2831 Vetti

301 2889 347 2978 'ri
389 2887 513 3018 (55).
560 2887 818 2976 Divinarum
853 2917 1001 3018 rerum
1040 2881 1217 2976 scientia
1251 2885 1364 2980 ,dari
1394 2881 1652 3002 putabantur

263 3129 266 3134 ,
305 3029 573 3120 Dominicus
605 3029 658 3116 de
689 3029 887 3117 Flandria
923 3030 1049 3143 (56),
1088 3037 1129 3120 δι
1166 3026 1457 3156 ,Bernatdinus
1498 3019 1652 3108 Cheri·

302 3173 506 3276 thinius,
536 3197 721 3285 quorum
751 3170 856 3258 alter
886 3201 910 3258 e
940 3173 1257 3277 Dominicana,
1288 3169 1447 3258 altere
1477 3160 1650 3250 Franci·

300 3309 432 3406 'scano
468 3301 782 3402 familiassetat.
822 3309 909 3399 His
943 3312 1117 3428 quidem
1159 3309 1362 3432 stipendia
1403 3299 1650 3425 umpliffima
1806 3423 1808 3428 Ι

310 3455 504 3563 decreta,
525 3457 730 3545 Succinio
758 3483 849 3546 noc.
871 3454 1022 3545 floreni
1035 3459 1059 3563 ,'
1080 3453 1350 3570 totidemque
1379 3448 1466 3552 sere
1496 3445 1649 3536 Felino

298 3601 502 3708 Sandeo,
533 3585 670 3688 Baldo
701 3596 860 3708 juniori
880 3625 950 3688 mr.
981 3599 1175 3688 Accolto
1204 3624 1468 3690 Mooocxxxx.
1488 3599 1528 3682 δι
1555 3619 1644 3706 quo

297 3741 502 3870 sumptus
537 3729 701 3862 publici
729 3745 890 3834 aerarii
939 3745 1270 3850 minuerentur,
1309 3741 1499 3834 obtinuit
1539 3735 1648 3827 Lau·

298 3887 472 3975 tentius
512 3907 536 3971 a
564 3883 689 3975 Sixto
719 3887 795 3974 IV.
831 3881 1044 3978 Pontifite
1075 3885 1303 3993 Maxim,
1333 3909 1385 3975 ut
1414 3913 1466 3980 ex
1495 3881 1648 3971 annuis
1793 3911 1795 3917 ⁸

297 4023 645 4118 sacerdotiorum
698 4027 935 4118 redditibus
981 4059 1055 4147 per
1095 4029 1440 4147 quinquennium
1472 4021 1646 4142 starent

298 4189 400 4260 rum
430 4173 636 4288 largorum
653 4194 675 4279 ,·
697 4197 752 4260 ut
777 4172 1084 4289 loquebantur,
1114 4173 1272 4266 millia
1292 4173 1481 4288 quinque
1508 4166 1555 4264 in
1597 4189 1646 4251 u·-

295 4311 402 4404 ·sum
442 4313 717 4422 Academiae}
741 4311 1113 4434 impenderentur.
1145 4315 1235 4406 His
1266 4315 1396 4408 etiam
1426 4306 1644 4404 interdum

231 4565 235 4574 ι
307 4449 484 4546 aotellro
530 4451 657 4545 falla
679 4452 736 4546 est
753 4453 829 4567 {eu
848 4459 1056 4576 .prirato.
1079 4457 1300 4552 Laurentii
1340 4455 1529 4563 aerario,
1570 4448 1644 4571 qui

1061 4597 1105 4689 G
1141 4631 1163 4687 2
