4492 5860
682 495 739 576 60
858 481 1771 592 Loua'anrrrMuu'roru

431 737 436 760 ι
620 700 681 794 do
711 699 904 794 sermone
932 729 983 824 ac
1012 697 1325 830 disputatione,
1355 700 1426 798 sed
1454 701 1683 825 eonspellu
1714 695 1805 824 ipso
1835 721 1965 820 atque

620 842 941 966 congrellione.
976 845 1165 938 Dederat
1195 849 1231 938 is
1260 847 1435 966 quidem
1465 845 1627 940 secreto
1657 851 1704 940 in
1733 843 1849 940 bello
1879 843 1962 938 Ti·

440 982 446 990 ’
620 987 772 1080 fernati
803 989 961 1079 auxilia
993 987 1185 1080 Nicolao
1217 991 1429 1103 Vitellio,
1448 1001 1501 1096 ,δι
1529 991 1649 1112 quod
1676 1012 1871 1110 ageretur
1900 981 1962 1078 la·

616 1134 686 1224 lus
719 1128 938 1223 sociorum
968 1138 1008 1222 δι
1043 1137 1312 1244 amicorum,
1343 1133 1384 1226 ἃ
1420 1135 1539 1253 quod
1568 1133 1810 1253 pericolum
1840 1153 1959 1240 erat,

617 1259 732 1365 'nesi
773 1272 973 1368 Pontifex
1016 1272 1200 1367 Tiferno
1242 1278 1477 1396 potiretur,
1519 1275 1710 1366 viuricia
1752 1299 1869 1364 atrna
1903 1269 1960 1362 ad

615 1418 925 1538 occupandum
954 1419 1151 1510 vicinum
1192 1418 1543 1514 Florentinomm
1577 1415 1788 1537 oppidum
1817 1411 1952 1538 Burgi

614 1561 659 1672 S.
679 1559 905 1682 Sepulchri
934 1587 1203 1653 converteret
1218 1561 1337 1678 (68).
1358 1559 1698 1680 ldemgrandem
1727 1561 1957 1678 pecuniam
2044 1654 2049 1663 ,

613 1703 856 1796 crediderat
885 1702 1051 1797 Astorri
1091 1703 1370 1814 Manlredio,
1405 1701 1524 1822 quod
1553 1703 1769 1795 metuebat
1783 1731 1852 1792 ne
1880 1701 1957 1794 ifle

612 1839 700 1937 suia
748 1845 870 1938 bonis
916 1847 1230 1967 Faventinaque
1280 1846 1447 1937 ditione
1489 1845 1548 1938 ob
1589 1873 1657 1938 aes
1699 1845 1955 1936 alienuma

612 1985 826 2080 Pontilice
871 1991 1140 2109 privaretur.
1191 1989 1261 2080 De
1308 1988 1550 2105 adjiciendo
1595 1989 1709 2080 Foro
1740 1986 1957 2080 Cornelio

609 2129 965 2221 ¹Florentinorum
995 2130 1205 2246 imperio,
1226 2127 1446 2250 postquam
1473 2163 1540 2223 an.
1560 2159 1801 2226 uooeouxan
1821 2127 1956 2223 aGa·

611 2269 742 2362 leatio
788 2272 925 2363 Maria
968 2271 1126 2364 Sfortia
1178 2271 1319 2393 ipsum
1358 2271 1539 2366 Tadaeo
1577 2272 1825 2364 Manfredio
1863 2299 1951 2366 ere·

576 2436 579 2444 ’
610 2437 737 2530 ptum
768 2411 935 2524 fuerat,
967 2443 1221 2535 magnopere
1264 2414 1525 2528 laboraverat
1545 2417 1684 2533 ¹(69)··
1723 2411 1838 2506 fama
1865 2437 1957 2508 erat

609 2555 658 2646 in
699 2553 905 2647 Perusinis
940 2557 1131 2650 motibus
1165 2555 1329 2650 Carolo
1370 2555 1610 2652 Montonio
1649 2558 1818 2650 Braccii
1858 2555 1956 2650 filio

607 2701 769 2820 patriae
798 2697 1090 2816 dominationi
1123 2699 1311 2842 inhianti
1353 2697 1495 2818 ipsum
1530 2697 1673 2796 saville
1711 2701 1841 2816 (70)··
1881 2705 1949 2794 io·

608 2841 781 2958 tendunt
810 2843 939 2934 etiam
970 2839 1199 2942 insolenter
1226 2843 1400 2966 gloriari
1429 2843 1677 2955 videbatur,
1707 2844 1824 2962 quod
1854 2844 1954 2962 plus

589 2983 722 3102 -apud
753 2980 795 3074 se
823 2979 957 3103 pollet
988 2983 1227 3078 Florentini
1255 2989 1408 3107 populi
1436 2989 1631 3098 utilitas,
1666 3015 1796 3106 quarn
1835 2983 1950 3102 Pon·
2133 3115 2136 3118 Ι

561 3243 565 3250 ¹
606 3121 737 3216 rificis
768 3127 959 3220 Romani
988 3133 1243 3222 aunarius.-
1271 3129 1327 3218 ad
1363 3127 1466 3220 haec
1497 3130 1643 3222 Sixtus
1673 3129 1839 3220 bonum
1866 3157 1944 3247 pu·

605 3267 772 3360 blicum
802 3269 1002 3363 famulans
1032 3299 1112 3387 pro
1127 3385 1129 3392 Ι
1143 3272 1319 3366 suorum
1357 3275 1552 3393 potentia
1589 3272 1800 3380 certabat,
1821 3296 1949 3390 atque

605 3439 759 3527 magna
789 3407 859 3528 spe
889 3411 1137 3522 tenebatur,
1166 3411 1199 3502 sr
1229 3419 1371 3508 resin
1400 3415 1646 3508 Florentino
1675 3411 1940 3531 Republica,
2044 3475 2047 3484 Α

598 3553 762 3646 amotis
797 3553 1032 3664 Mediceis,
1062 3583 1356 3669 novarentur,
1381 3557 1509 3652 facile
1548 3556 1590 3652 se
1617 3559 1738 3648 illius
1777 3553 1947 3652 ditione

604 3691 643 3784 F
643 3693 866 3820 erdinandi
894 3695 1286 3818 Neapolitanorum
1305 3702 1437 3823 Regis
1467 3699 1636 3810 lavore,
1654 3727 1783 3820 quern
1811 3693 1947 3788 obno-

391 3924 407 3952 ,
603 3837 727 3930 aium
769 3833 993 3958 fidumque
1031 3841 1106 3936 fibi
1138 3839 1327 3952 lecerat,
1355 3845 1607 3962 >potiturum
1640 3839 1946 3958 (71).1oque

602 3971 765 4095 Joa'nni
790 3979 997 4102 Baptistae
1039 4015 1065 4076 e
1101 3985 1256 4080 Monte
1297 3987 1456 4094 Sicco,
1490 3986 1567 4103 qui
1605 3979 1663 4076 est
1701 4007 1834 4102 pagos
1881 3977 1945 4068 A·

600 4127 822 4246 prurianae
847 4125 1120 4245 provinciae,
1151 4128 1378 4248 negotium
1411 4127 1510 4236 dat,
1540 4152 1593 4218 ut
1620 4127 1765 4244 copias
1794 4147 1943 4244 paret,

601 4291 709 4383 qnae
738 4273 785 4361 in
814 4270 1004 4364 Aemilia
1034 4267 1280 4360 &Umbria
1307 4297 1661 4380 commorentur,
1680 4267 1736 4356 ad
1765 4289 1943 4358 ornnem

592 4407 920 4524 eonjuratorum
965 4413 1234 4509 voluntatem
1265 4409 1553 4534 exequendam
1582 4435 1747 4534 paratae
1759 4473 1775 4503 .·
1792 4407 1860 4500 Ex
1888 4433 1945 4504 tu
