4492 5860
487 492 492 500 “
671 503 724 584 rc
844 481 1753 584 Lsauu·.:lnruMuoi'01s

608 697 780 791 Licet
747 693 891 792 aute'm
922 699 1235 822 Qinqueviris
1258 705 1350 796 illie
1367 707 1531 797 tributa
1561 710 1786 800 auctoritas
1810 697 1951 802 suisset

489 951 492 956 ,
599 845 875 938 ferendarum
897 846 1067 965 legum,
1086 849 1206 964 quod
1224 853 1400 970 optimis
1422 857 1567 942 nmen
1586 847 1786 944 institutis
1805 845 1949 946 excul-

606 1017 648 1080 ta
678 986 989 1107 constitutaque
1020 991 1258 1082 Academia
1291 991 1549 1084 Florentinu-¹
1561 993 1808 1101 uideretur,
1833 992 1949 1083 baec

604 1133 658 1222 ad
687 1127 814 1222 ulum
838 1130 1009 1227 Pisanae
1046 1133 1263 1226 transferri
1292 1137 1477 1255 placuit.
1506 1139 1642 1256 Leges
1668 1163 1816 1228 autem
1846 1132 1948 1226 illae

604 1307 670 1367 an.
688 1299 982 1398 Mrbcuxxxvn.
1007 1263 1187 1396 scriptae
1208 1272 1405 1388 fuerant,
1419 1287 1562 1402 atquc'
1575 1285 1623 1372 iu
1652 1291 1766 1373 cvnu'
1779 1277 1951 1394 capite,

604 1415 702 1530 seu,
739 1449 789 1513 ut
833 1445 1026 1529 vocant,
1068 1418 1256 1512 rubricas
1303 1419 1585 1531 dlstu'butae,
1610 1423 1790 1541 =qnibua
1830 1447 1948 1510 anno

545 1643 551 1656 .
604 1589 851 1657 arcccoxxm.
894 1563 965 1658 seir
1002 1565 1109 1656 aliae
1136 1567 1330 1656 rubricae
1353 1561 1684 1674 additae-suut,
1714 1591 1838 1682 atque
1868 1561 1948 1655 bae

606 1743 756 1807 omnes
796 1709 977 1807 solemni
1018 1717 1104 1806 ritu
1146 1721 1188 1805 bc
1232 1709 1389 1808 summi
1414 1712 1701 1835 Magistratus
1724 1704 1951 1829 -suffiagiis

605 1857 906 1952 confirmatae.
931 1853 1019 1947 His
1047 1885 1112 1947 res
1144 1858 1415 1949 Academica
1433 1859 1675 1979 gubernata
1705 1851 1764 1946 eli
1792 1849 1847 1950 ad
1876 1875 1951 1940 an·

604 2031 713 2096 num
754 1999 885 2122 usquc
928 2025 1238 2093 Mcuccrxrrvm.
1277 2033 1366 2121 quo
1406 2009 1524 2096 nov'u
1553 2005 1717 2124 legum
1758 1993 1983 2118 nescitur·

592 2147 750 2253 serice,
768 2169 871 2262 quas
899 2169 1043 2232 tamen
1070 2140 1160 2231 nisa
1184 2145 1358 2248 biennio
1378 2143 1477 2263 post
1493 2143 1752 2265 Respublica
1775 2113 1950 2232 Floren
1998 2139 2001 2144 ’

444 2403 446 2408 ¹
605 2289 695 2380 tina
724 2291 974 2388 audoritatc
1003 2289 1077 2380 sua
1107 2290 1288 2378 minime
1317 2288 1648 2406 comprobarit.
1680 2287 1766 2376 De
1782 2283 1954 2410 reliquo

537 2417 541 2424 ⁴
605 2431 712 2522 adeo
741 2428 915 2523 solliciti
938 2459 1058 2526 erant
1089 2432 1383 2550 Qinqueviri
1414 2429 1622 2522 derebus
1652 2425 1938 2530 Academiae,

606 2599 776 2664 utnon
807 2569 947 2663 solum
978 2573 1091 2666 dc
1061 2604 1116 2665 ns
1154 2605 1230 2695 per
1268 2575 1445 2666 litteras
1460 2573 1613 2666 doceri
1650 2571 1845 2676 vellent,
1873 2560 1947 2655 sed

605 2719 735 2808 etiam
765 2708 896 2835 saepe
914 2711 1027 2808 Pisae
1054 2717 1354 2814 concederent
1372 2745 1524 2808 coram
1551 2713 1818 2834 inspecturi,
1835 2735 1946 2800 num

605 2871 664 2951 'ea
666 2891 804 2979 ,quae
834 2857 1092 2971 statuissent,
1109 2867 1220 2956 reste
1242 2859 1547 2983 procederent
1546 2861 1738 3024 Primi,
1758 2858 1833 2976 qui
1863 2854 1952 2945 boc

604 3027 781 3096 munere
811 3001 948 3096 fundi
979 3001 1101 3117 lunt,
1132 3004 1276 3097 fucr'e
1292 3005 1486 3114 Thomas
1520 2977 1779 3121 erolpbiua
1802 2997 1954 3114 Aloy

603 3147 633 3237 s
636 3149 727 3238 rF
762 3149 981 3240 Laurentii
1004 3137 1067 3241 N.
1101 3150 1301 3240 Donat'us
1318 3147 1586 3262 Acciajoliui
1617 3143 1754 3268 Nerei
1776 3141 1834 3244 F
1854 3140 1947 3244 Duff

604 3295 694 3382 nati
735 3290 797 3380 N.
829 3271 1026 3384 Andreas
1063 3293 1298 3384 Puccinius
1332 3287 1553 3395 Franciici
1579 3291 1645 3382 F..
1666 3261 1861 3381 Andreae
1879 3278 1948 3387 Na

605 3439 873 3540 'Alamannus
895 3425 1189 3527 Rinuccinirts
1215 3435 1404 3556 Philippi
1425 3438 1473 3530 F.
1496 3443 1543 3526 δι
1574 3429 1831 3526 quentius
1855 3421 1952 3514 Me·

605 3581 750 3686 dices,
772 3580 848 3696 qui
878 3571 1033 3670 omnes
1054 3577 1235 3671 consilio
1252 3585 1293 3670 δι
1311 3581 1559 3670 auctoritare
1580 3574 1789 3668 anteibat.
1807 3563 1950 3680 QOA

607 3713 735 3808 facile
765 3745 981 3838 appareret
1007 3723 1158 3812 omnia
1185 3707 1286 3812 illua
1326 3717 1536 3832 munifice
1573 3727 1614 3810 dc
1654 3709 1864 3836 propenso
1895 3707 1950 3796 in

606 3861 767 3952 litteras
799 3865 948 3957 animo
975 3863 1185 3975 facturos,
1202 3865 1357 3974 multi,
1387 3868 1503 3956 inter
1529 3887 1639 3980 quoa
1668 3853 1837 3984 sortass'es
1867 3849 1948 3942 mi·

604 4007 759 4097 raberis
790 4005 910 4100 fuisse
951 4011 1152 4098 omnium
1181 4003 1279 4098 suae
1313 4010 1460 4100 aetatis
1500 4009 1787 4098 litteratorum
1817 3993 1948 4090 ambi·¹

558 4247 560 4250 ,
604 4149 888 4244 tiofissimnm
914 4149 1191 4242 Franciscum
1230 4149 1506 4269 Philelplaum
1541 4147 1671 4261 (41),
1713 4141 1951 4246 inflamma·
2011 4185 2013 4188 ·
2135 4267 2143 4284 ι

487 4395 490 4400 ,
605 4293 759 4384 bantur
787 4293 995 4391 desiderio
1023 4325 1197 4420 operam
1213 4293 1389 4388 locandi
1408 4290 1529 4382 suam
1543 4281 1813 4382 Academiae
1827 4283 1950 4398 (42)

578 4429 858 4532 incredibile
889 4469 1037 4536 aurern
1063 4437 1121 4532 est
1153 4471 1214 4560 qu
1224 4459 1377 4532 autum
1413 4437 1669 4552 eniteretur,
1691 4428 1955 4530 clabum·
