4474 5858
599 501 1343 600 Macurrrchrru
1513 513 1586 607 161

316 747 413 813 rum
445 721 635 832 lumina,
666 755 771 842 quae
802 725 973 822 Graeco
1014 724 1227 816 vocabulo
1266 768 1416 838 tenpore
1438 723 1662 842 'appellan-

312 889 423 975 tur,
452 867 575 982 plena
603 871 737 957 animi
778 876 818 957 δι
865 875 1034 958 terroris
1078 873 1247 976 oratio,
1293 895 1345 958 ut
1388 897 1476 955 non
1520 868 1662 952 minus

197 1064 199 1071 ·
316 1005 547 1098 vehemens
578 1037 753 1118 orator,
784 1015 934 1127 quant
955 1011 1133 1100 bellator
1173 1009 1252 1100 else
1287 1010 1535 1112 videretur,
1568 1031 1659 1092 tan-

314 1173 405 1244 tam
436 1151 836 1263 admirabilitatem,
873 1179 1096 1269 tantosque
1138 1179 1282 1242 motus
1328 1149 1563 1254 faciebant,
1609 1171 1658 1236 ut

313 1323 403 1384 uon
434 1295 569 1407 modo
604 1325 656 1382 ex
686 1295 879 1387 universa
911 1299 1040 1406 urbe,
1072 1294 1141 1385 sed
1171 1299 1300 1388 etiam
1326 1326 1376 1386 ex
1401 1296 1557 1382 vicinis
1582 1319 1657 1403 op·

310 1439 425 1558 pidis
454 1445 493 1528 δι
524 1441 632 1556 agris
663 1438 716 1526 ad
747 1469 848 1528 cum
866 1439 1130 1532 audiendum
1150 1463 1497 1534 concurreretur.
1526 1427 1656 1546 Quod

306 1577 482 1674 'fortasse
512 1581 770 1672 Laurentius
813 1584 1079 1694 verebatur,¹
1100 1613 1153 1674 ne
1196 1614 1307 1673 nova
1348 1579 1501 1670 isthaec
1540 1569 1653 1692 quast

311 1722 365 1812 de
395 1745 539 1812 musto
567 1749 693 1840 atque
723 1727 823 1816 lacu
864 1725 1028 1816 fervida
1064 1729 1202 1818 oratio
1238 1725 1460 1814 civitatem
1502 1715 1652 1809 misce·

310 1891 405 1972 ret,
432 1866 553 1955 nullo
583 1895 673 1955 non
711 1861 872 1975 studio,
903 1876 943 1956 &
972 1871 1041 1960 vel
1064 1867 1159 1988 ipfis
1188 1869 1458 1974 muneribus,
1477 1871 1518 1954 &
1536 1863 1649 1979 prin·

303 2006 460 2126 'cipom
492 2006 723 2098 hominum
753 2005 1008 2100 suasionibus
1039 2010 1188 2125 (164)
1217 2009 1430 2128 popularis
1461 2006 1651 2096 hominis

310 2153 507 2244 animum
538 2150 613 2242 fibi
645 2153 995 2262 conciliandum,
1014 2180 1139 2270 atque
1163 2153 1217 2242 ad
1246 2151 1342 2244 usus
1375 2150 1471 2240 suos
1502 2146 1650 2258 adjun-

308 2294 496 2410 gendum
528 2301 718 2414 putavit.
751 2299 835 2389 Sed
870 2297 1064 2414 quamvis
1106 2325 1174 2384 eas
1215 2320 1320 2384 artes
1351 2321 1500 2382 omnes
1531 2288 1649 2380 adhi-

307 2435 476 2547 buerit,
509 2441 663 2556 quibus
692 2441 807 2531 illius
837 2467 912 2530 aut
944 2440 1209 2556 arrogantia,
1242 2459 1316 2526 aut
1342 2431 1558 2550 superbia,
1578 2457 1653 2522 aot

302 2571 336 2664 sr
373 2582 440 2668 vis
470 2585 603 2672 etiam
632 2581 829 2702 religiosa
859 2579 1070 2674 austeritas
1100 2583 1194 2697 capi
1238 2585 1278 2668 u
1328 2577 1497 2668 deliniti
1538 2570 1652 2700 polle

303 2719 555 2830 videbatur,
585 2724 695 2814 nihil
728 2729 873 2817 tamen
904 2725 1118 2816 obtinuit.
1142 2719 1380 2824 Praeseslus
1412 2722 1647 2810 Savonaro·

302 2859 344 2948 la
375 2865 414 2950 S.
452 2866 589 2956 Marci
620 2871 830 2959 coenobio
861 2867 1085 2979 (Priorem
1117 2862 1312 2972 vocant)
1344 2863 1484 2975 palam
1514 2856 1649 2976 profi·

302 3003 468 3093 rebatur
499 3001 539 3094 se
570 3037 814 3125 nunquam,
850 3037 900 3100 ut
930 3037 1024 3097 mos
1067 3032 1154 3122 erat
1195 3008 1396 3096 omnibus
1428 3001 1646 3116 hujusmo-

300 3142 348 3234 di
378 3175 556 3238 munera
586 3146 945 3266 suscipientibus,
976 3148 1028 3238 ad
1063 3150 1344 3239 Laurentium
1386 3170 1638 3234 venturum:

301 3285 477 3404 quando
506 3317 613 3379 vero
643 3289 716 3380 hic
749 3291 804 3380 acl
835 3294 1096 3384 coenobium
1127 3287 1270 3408 ipsum
1311 3285 1540 3378 accedebat
1575 3285 1645 3374 vel

299 3430 541 3546 religionis,
562 3431 632 3520 vel
665 3435 799 3522 animi
831 3431 967 3525 caussa
1002 3433 1347 3526 deambulaturus
1376 3433 1423 3522 in
1454 3423 1644 3544 ejusdcm

291 3567 435 3660 bortis
459 3637 470 3680 ‚
493 3572 546 3663 de
576 3575 779 3667 industria
820 3577 859 3667 se
902 3575 944 3668 se
985 3577 1229 3668 occultabat
1271 3575 1416 3680 Prior,
1446 3571 1642 3662 vocanti·

298 3712 457 3830 busque
499 3716 676 3834 collegis
722 3715 1001 3836 respondebat
1040 3719 1081 3810 se
1114 3719 1300 3809 humana
1336 3711 1571 3832 despicere,
1602 3717 1643 3800 u

289 3853 375 3942 nist
409 3887 511 3945 cum
544 3859 643 3949 Deo
675 3864 886 3950 rationem
916 3859 957 3951 se
999 3863 1115 3952 nolle
1160 3861 1336 3954 habere.
1374 3861 1493 3972 Quae
1537 3885 1640 3946 cum

297 3999 501 4087 nonnulli
532 4001 878 4118 indignarentur,
898 4005 1172 4120 increpebant
1198 4003 1501 4105 Laurentium,
1521 3996 1640 4112 quod

285 4141 347 4228 iis
377 4144 666 4258 temporibus,
700 4141 854 4256 quibus
886 4147 1087 4232 omnium
1125 4147 1273 4250 oculi,
1304 4145 1469 4258 quotics
1498 4141 1544 4226 in
1563 4167 1638 4253 pu·

284 4281 459 4372 'blicunr
492 4282 724 4400 prodibat,
758 4309 876 4374 erant
916 4281 969 4372 ad
1011 4285 1139 4371 illum
1170 4279 1391 4388 conversi,
1423 4309 1556 4395 neque
1597 4283 1636 4369 ei

293 4449 366 4542 par
395 4418 616 4542 quisquam
647 4425 696 4516 in
726 4425 902 4516 civitate
932 4425 1194 4544 ponebatur,
1227 4424 1479 4545 dignitatem
1497 4527 1500 4533 ,
1518 4419 1634 4514 luam

1131 4567 1176 4660 X
