4474 5858
665 521 748 612 174
866 489 1350 585 Lnuranrtr
1410 487 1771 586 Mrorcts

604 708 699 810 sane
730 709 1062 827 perturbationes
1092 706 1244 810 afferre
1261 703 1516 830 potuissent,
1547 703 1806 804 Defecerant
1841 709 1939 800 Au·

599 857 780 957 rimarer
825 885 848 944 a
889 852 1126 964 Pontifice,
1162 833 1404 950 Buccolino
1442 850 1681 948 Guzzonio
1728 855 1894 943 auiiorc
1919 886 1937 960 ,·

598 1005 638 1102 ,δι
668 999 816 1104 multis
846 996 1059 1093 nobilium
1094 998 1349 1108 trucidatis,
1378 998 1505 1096 latius
1536 997 1700 1084 malum
1730 997 1816 1090 hoc
1853 993 1933 1084 set·

598 1167 697 1257 pere
727 1139 982 1256 ridebatur,
1014 1142 1105 1246 Ubi
1141 1138 1393 1242 Pontificios
1433 1136 1591 1238 infessis
1634 1136 1759 1264 fignis
1807 1139 1861 1226 ad
1892 1136 1934 1228 se

598 1263 742 1387 uenire
771 1283 942 1394 vident,
973 1283 1084 1387 inter
1116 1281 1156 1386 se
1187 1283 1319 1388 fidem
1348 1279 1703 1406 &jusjurandum
1726 1279 1853 1387 dant,
1871 1279 1932 1368 ci·

597 1428 684 1514 'tius
726 1424 766 1536 se
806 1453 1083 1548 perventuros
1114 1432 1160 1519 in
1191 1433 1436 1528 Tutcarnm
1478 1415 1762 1550 potestatem,
1804 1449 1934 1541 quant

599 1553 902 1676 Romanorum
932 1573 1114 1704 imperio
1142 1573 1300 1674 iterum
1322 1575 1556 1692 parituros,
1578 1575 1720 1696 ltaque
1740 1566 1817 1664 fibi
1838 1566 1936 1686 plut

597 1737 734 1826 nequo
765 1713 1021 1824 tribuentes,
1050 1723 1092 1820 δι
1125 1719 1242 1818 inani
1288 1711 1356 1834 spe
1398 1737 1677 1817 externorum
1731 1707 1931 1808 subsidio·

596 1883 694 1960 rum
724 1854 823 1945 elati
858 1885 947 1960 non
979 1857 1114 1950 modo
1153 1859 1353 1990 parabant
1387 1889 1460 1968 ea,
1490 1888 1598 1976 quae
1626 1855 1680 1946 ad
1722 1849 1929 1948 defcnfio·

598 2027 699 2102 nem
729 1997 873 2106 urbis,
902 1997 972 2089 sed
1004 2027 1109 2118 quae
1140 1999 1193 2104 td
1224 2001 1525 2120 occupandum
1549 1999 1755 2098 Picenum
1778 2023 1935 2115 oppor-

597 2165 701 2246 tuna
733 2143 1010 2250 videbantur,
1030 2139 1149 2250 Cum
1172 2141 1370 2245 Pontifex
1395 2145 1523 2242 anxio
1554 2151 1595 2242 ,δι
1625 2139 1814 2242 sollicito
1841 2141 1931 2232 ani-

598 2309 674 2387 mo
706 2281 833 2390 ellet,
865 2283 983 2400 quod
1015 2283 1255 2393 nesciebat,
1285 2281 1488 2404 quorsum
1529 2311 1646 2386 tanta
1687 2283 1932 2379 commotio

596 2453 646 2527 ac
676 2423 907 2542 desperatio
938 2421 1036 2529 esset
1066 2424 1260 2542 evasura,
1296 2427 1387 2544 ejus
1429 2431 1578 2525 timori
1618 2424 1931 2526 consulendum·

595 2561 674 2666 elle
704 2567 957 2672 Laurentius
986 2572 1174 2686 putavit.
1215 2571 1359 2691 ltaque
1390 2567 1613 2664 Gentilem
1642 2571 1937 2658 Aretinorum·

596 2704 858 2826 Episcopum
888 2709 1004 2817 mifit
1034 2711 1086 2810 ad
1117 2709 1437 2826 Buccolinum,
1467 2713 1544 2828 qui
1582 2713 1641 2810 ita
1668 2707 1845 2802 sunsius·
1869 2705 1931 2796 est

596 2849 807 2982 legatione
843 2836 1172 2982 pacificatoria,
1194 2881 1245 2946 ut
1274 2855 1370 2962 ille,
1401 2855 1574 2982 cognita
1604 2851 1820 2953 Laurentii
1850 2881 1929 2941 vo·

593 2993 793 3105 luntate,
821 2991 960 3098 statim
991 2994 1032 3086 se
1075 2998 1130 3094 ab
1168 2999 1294 3086 armis
1327 2992 1597 3095 discessurum
1628 2992 1927 3122 spoponderit.

594 3133 695 3239 Nec
737 3139 802 3246 illi
851 3138 1032 3244 dubium
1077 3133 1195 3258 suit,
1230 3142 1335 3258 quin
1368 3168 1497 3258 nequa
1535 3139 1795 3237 conditione
1829 3131 1928 3227 esset

592 3275 766 3390 usurus,
798 3311 900 3386 ,cum
933 3279 973 3390 se
995 3279 1139 3414 resque
1158 3281 1250 3378 suas
1273 3284 1319 3387 in
1342 3286 1518 3388 arbitrio
1541 3279 1800 3402 &potestate
1820 3279 1929 3370 Lau·

593 3423 722 3527 rentii
751 3419 978 3540 posuisset,
1009 3425 1063 3522 ad
1093 3455 1223 3558 quem
1254 3457 1356 3518 cum
1387 3423 1590 3536 venisset,
1619 3433 1659 3516 δι
1688 3419 1930 3519 honorifice

594 3571 637 3668 „bc
675 3563 901 3672 liberaliter
931 3565 1098 3670 habitus
1127 3565 1183 3670 est
1213 3570 1387 3686 (183),
1430 3573 1503 3665 Sic
1534 3573 1662 3666 unlus
1703 3569 1784 3664 viti
1825 3593 1928 3681 pru·

593 3705 737 3814 dentia
767 3709 839 3812 ille
871 3705 1064 3808 fritionis
1094 3711 1245 3836 globus
1275 3715 1466 3830 disjeslus
1510 3710 1592 3824 est,
1634 3719 1673 3802 δι
1717 3704 1925 3826 ejusmodi

533 3963 537 3972 ¹
592 3848 888 3957 reconciliatio
930 3847 1040 3960 fuit,
1074 3879 1124 3942 ut
1167 3853 1576 3982 utriusquepartis,
1608 3853 1724 3974 quod
1758 3877 1853 3939 raro
1883 3879 1927 3936 e-

555 4095 562 4104 ,
593 3993 745 4104 venit,
777 3995 955 4114 gratiam
986 3994 1234 4100 Laurentius
1265 3999 1461 4100 iniverit.
1495 4001 1573 4088 Per
1602 3995 1750 4096 cadem
1792 3989 1926 4082 ferme

594 4119 785 4260 tempora
816 4139 863 4228 in
896 4138 1084 4245 Aemilia
1113 4143 1325 4246 tumultus
1355 4144 1532 4262 plurimi
1573 4139 1773 4238 excitati.
1812 4129 1932 4223 indi--

594 4309 729 4409 gnum
763 4279 858 4374 sane
893 4283 1057 4389 facinus
1089 4283 1199 4394 fuit,
1230 4263 1363 4403 quod'
1382 4285 1427 4372 in
1461 4283 1785 4398 Hieronymum
1820 4275 1924 4362 Ria·

594 4421 709 4524 llum
744 4418 966 4530 Comitem
1005 4427 1231 4536 admissum
1266 4421 1350 4538 cll,
1375 4423 1496 4542 cuius
1531 4425 1782 4543 participem
1811 4418 1924 4508 Lau·
