4474 5858
611 533 691 621 ¹9²
813 501 1297 602 Lauterna-rr
1359 500 1723 598 Mrnucrs

552 722 662 823 lium
694 719 818 836 (210)
833 759 847 814 ·.
878 721 1010 814 Erant
1044 730 1084 812 br
1120 724 1293 814 vincula
1325 726 1481 814 amoris
1516 717 1734 814 ardiffima
1776 719 1888 810 Lau-

549 867 690 954 rentio
722 865 1085 978 cummaioribus
1116 867 1326 978 ejusdem,
1357 891 1407 954 ut
1437 865 1545 954 nibil
1576 893 1680 956 tam·
1713 869 1893 984 cuperet

548 1035 677 1122 quarn
710 1007 798 1121 ejus
828 1007 1027 1127 dignitati
1058 1005 1220 1115 favere;
1250 1011 1448 1127 quodque
1490 1005 1700 1099 summanr
1741 1005 1886 1098 conse·

547 1171 674 1238 eurus
706 1145 778 1256 fit,
811 1179 914 1241 cunr
944 1151 996 1240 ad
1030 1149 1340 1243 Pontificatum
1383 1151 1627 1244 Maximum
1678 1143 1887 1266 pervenis·

545 1287 631 1397 set,
661 1296 853 1409 apparuit
871 1293 1150 1387 Laurentium
1183 1329 1205 1384 a
1237 1323 1356 1384 certo
1386 1287 1505 1384 sensu
1531 1301 1571 1383 δι
1600 1321 1704 1381 vero
1725 1290 1780 1380 de
1804 1288 1889 1380 ho-

545 1434 732 1524 minibus
750 1434 935 1548 judicare
962 1434 1242 1529 consueville.
1265 1439 1436 1555 Sapiens
1468 1437 1539 1524 hie
1567 1435 1697 1550 judex
1727 1441 1887 1523 &con-

543 1575 673 1692 jedor
702 1601 852 1670 acutus
883 1609 971 1670 non
1013 1583 1119 1674 bene
1161 1579 1318 1698 sperare
1348 1579 1458 1672 visus
1500 1575 1557 1670 est
1603 1577 1657 1672 de
1698 1575 1775 1666 illo
1819 1597 1890 1692 ry-

543 1749 778 1812 rannorum
815 1721 1055 1830 domitore,
1089 1753 1192 1814 curn
1222 1717 1353 1814 fuerit
1384 1721 1470 1842 ipse
1501 1723 1700 1813 omnium
1731 1713 1887 1806 erude-

544 1859 719 1952 lissrmus
748 1889 980 1982 tyrannus,
1010 1862 1184 1959 Caesare
1215 1865 1393 1985 Borgia,
1425 1867 1499 1983 qui
1530 1866 1660 1956 etiam
1703 1855 1809 1952 Pisis
1840 1875 1892 1951 u·¹

542 2031 686 2120 peram
718 2007 869 2098 litteris
899 2007 1100 2119 dederat,
1135 2007 1428 2124 studueratque
1461 2031 1511 2096 ut
1543 2005 1775 2095 Laurentio
1815 1987 1902 2092 eo·'

542 2149 689 2262 gnitus
719 2158 760 2240 be
791 2176 932 2269 gratus
963 2148 1082 2241 ellet.
1103 2152 1231 2244 Plena
1262 2151 1437 2270 quidem
1469 2145 1604 2238 officii
1630 2155 1671 2237 δι
1708 2147 1891 2238 benevo-

543 2285 698 2380 lentiae
732 2288 907 2384 fuerunt
942 2323 1047 2412 quae
1089 2296 1241 2386 tribuit
1286 2291 1527 2384 Hermolao
1569 2287 1752 2379 Barbare
1794 2287 1891 2376 uiro

456 2531 460 2538 ,
544 2432 747 2522 omnibus
780 2440 1040 2526 ornamentis
1074 2437 1294 2554 praedito,
1325 2437 1498 2555 quando
1530 2459 1695 2524 creatus
1721 2459 1745 2520 a
1776 2428 1898 2518 Pon··

543 2566 695 2678 tifice,
726 2570 833 2662 dum
859 2579 1024 2666 Romae
1060 2583 1332 2672 Venetorum
1364 2577 1538 2669 luorum
1577 2577 1762 2696 Legatus
1796 2597 1891 2689 age*

543 2711 640 2823 bar,
668 2711 908 2808 Patriarclra
939 2720 1220 2838 Aquileienfis
1245 2723 1352 2812 adeo
1384 2719 1658 2838 Reipublicae
1688 2712 1886 2804 coneiea·

544 2857 770 2965 vitiram,
801 2883 970 2951 utnon
1000 2860 1141 2952 solum
1173 2865 1219 2952 in
1250 2861 1537 2980 pollellionem
1569 2855 1888 2947 Patriarcharus
1970 2909 1973 2916 ·

544 3023 635 3099 non
667 3003 856 3113 venerit,
884 3000 953 3094 fed
997 3007 1050 3096 de
1081 3006 1245 3097 honore
1276 3015 1315 3098 δι
1347 3005 1532 3098 fortunis
1563 2998 1650 3092 suis
1680 2991 1804 3086 valde
1833 2991 1892 3082 ti·

544 3165 663 3230 mere
696 3142 919 3238 debuerit.
951 3147 1125 3261 Jamdiu
1155 3150 1283 3240 illum
1315 3171 1492 3238 noverat
1522 3141 1776 3240 Laurentius
1795 3163 1894 3256 pro·

543 3305 640 3399 pter
656 3281 953 3402 praestantiam
983 3290 1229 3400 destrinae,
1260 3289 1454 3408 nihilque
1484 3288 1550 3378 illi
1582 3311 1771 3401 unquam
1801 3307 1895 3400 gra·

544 3425 631 3515 tius
652 3427 835 3534 accidit,
865 3457 994 3546 quam
1016 3457 1066 3522 ut
1096 3433 1185 3547 ejus
1210 3433 1522 3552 aegritudinem
1553 3425 1739 3554 confilils
1766 3449 1896 3541 atque

543 3559 692 3659 ludus
724 3567 907 3662 elevaret
936 3571 1005 3686 (ar
1022 3571 1074 3686 ι).
1094 3573 1225 3683 Quod
1256 3571 1422 3691 fignum
1455 3571 1672 3692 quoddam
1690 3565 1892 3662 omnibus

543 3701 671 3800 bonis
714 3710 874 3797 artibus
906 3741 956 3800 ac
987 3709 1223 3830 disciplinis
1253 3712 1308 3800 ad
1338 3715 1445 3803 bene
1476 3709 1730 3830 sperandum
1760 3701 1893 3798 sustu·

549 3839 656 3939 lerar
696 3849 980 3960 Laurentius,
1022 3851 1126 3942 hinc
1168 3851 1329 3965 fiebat,
1361 3879 1411 3945 ut
1452 3883 1599 3946 earum
1629 3841 1827 3943 cultores'
1845 3871 1895 3940 0·-

547 4013 670 4098 mnes
700 3989 912 4105 quidquid
941 3993 994 4083 ab
1024 3995 1102 4084 illo
1133 4023 1346 4113 peterent,
1378 3999 1543 4118 exigere
1584 3995 1721 4115 magis
1764 4019 1896 4110 quana

548 4155 723 4250 rogare,
756 4159 835 4222 nec
870 4127 1006 4225 solum
1039 4140 1085 4224 in
1110 4137 1335 4245 beneficii,
1354 4134 1426 4229 sed
1456 4143 1583 4229 etiam
1607 4141 1654 4229 in
1685 4120 1909 4234 mercedis

551 4271 654 4362 leco
703 4301 924 4368 numerare
964 4275 1233 4370 viderentur.
1279 4275 1408 4363 Nihil
1450 4307 1553 4364 vero
1596 4304 1672 4370 aut
1711 4281 1895 4388 exigue,

560 4435 638 4516 aut
666 4407 760 4508 iero
789 4416 861 4510 ille
889 4418 1130 4529 tribuebat,
1160 4415 1279 4540 quod
1308 4416 1440 4516 nullu
1466 4414 1660 4516 terminis
1697 4409 1785 4524 ejus
1814 4409 1913 4504 hu·-

1655 4575 1837 4653 manitas
