4492 5860
679 517 737 600 26
854 507 1346 608 truncaret
1408 473 1770 618 Mantinia

614 755 711 820 tum
747 727 876 818 iniis
906 721 1005 820 esse't
1044 723 1233 824 studium
1273 737 1454 858 augendi
1483 730 1679 864 imperii,
1721 737 1836 834 &st
1870 727 1967 838 lieri

613 865 842 991 potuisset,
863 877 1022 968 totius
1074 879 1216 970 ltaliae
1256 878 1552 976 dominatione
1594 885 1830 1004 potiundi.
1869 887 1965 1000 jam

613 1016 734 1134 plura
762 1017 920 1136 oppida
950 1019 1219 1116 &civitates
1245 1017 1424 1118 suorum
1451 1015 1609 1119 ditioni
1649 1029 1765 1121 brevi
1795 1056 1964 1150 tempo·

613 1189 659 1254 re
702 1158 981 1270 addiderant,
1000 1169 1005 1176 ’
1025 1186 1076 1254 ut
1117 1195 1209 1258 non
1239 1167 1396 1260 modo'
1419 1167 1633 1264 finitimus
1660 1169 1859 1292 quisquc,
1883 1169 1964 1266 sed

614 1307 747 1398 ctiam
773 1303 961 1399 absentes
992 1302 1197 1427 susp'eslas.
1221 1341 1376 1404 eorum
1401 1315 1515 1431 =uires
1544 1311 1721 1424 habere,
1750 1331 1968 1419 ac‘vereri

612 1449 852 1566 plurimum
886 1447 1117 1560 deberent,
1160 1457 1214 1548 n'e
1254 1452 1287 1544 st
1327 1483 1399 1576 per
1420 1449 1672 1551 'socordiam
1713 1487 1783 1550 eas
1819 1463 1964 1580 angers

609 1587 817 1706 finerent,
847 1593 957 1716 ipsae
985 1597 1033 1690 in
1061 1603 1276 1724 propriam
1319 1597 1552 1720 perniciem
1580 1621 1862 1693 verterentur.
1894 1601 1966 1695 Sei

608 1735 804 1830 cundum
832 1743 1106 1837 austoritatit'
1122 1752 1163 1837 st
1195 1733 1599 1867 potentiae-locum
1620 1745 1669 1834 in
1698 1737 1814 1836 ltalia
1845 1763 1960 1836 tenea
2051 1749 2054 1756 ’

608 1879 683 1973 bat
716 1879 1012 1976 Perdinandne
1039 1887 1318 2007 Aregonlut.
1351 1883 1757 2006 laNeapolitanum
1781 1903 1963 2004 regnum
2027 1984 2032 1992 ,

606 2021 779 2118 Ali'onst
811 2029 840 2118 l.
876 2033 1008 2147 patris
1035 2035 1198 2124 virtute
1226 2059 1422 2150 partum,
1453 2027 1611 2121 llorene
1641 2029 1821 2146 opibus,
1849 2017 1963 2118 sama

606 2169 712 2259 benc
734 2169 1383 2290 administratae-Reipublicae,
1411 2173 1621 2290 ingenio,
1657 2171 1836 2278 liberis,
1865 2161 1962 2288 pro·

606 2311 801 2430 pinquis,
829 2308 1028 2402 affinibus
1057 2319 1107 2404 &-
1128 2314 1280 2404 amicit
1307 2312 1490 2408 feliciter
1532 2311 1827 2410 conservabat.
1855 2313 1962 2402 Pru³

606 2453 713 2543 dens.
739 2477 918 2562 natura,
945 2460 988 2544 δε
1017 2456 1093 2547 cui
1121 2481 1248 2550 cauta
1274 2459 1421 2576 potius
1450 2453 1623 2547 confili‘a
1647 2485 1751 2546 cum
1782 2455 1961 2588 rat-ione,

605 2599 735 2712 quam
764 2593 957 2716 prospera
986 2627 1038 2690 ex
1069 2595 1166 2692 casu
1196 2600 1413 2718 placerent
1431 2599 1566 2707 ,non
1612 2595 1677 2688 sui
1719 2597 1855 2690 modo
1897 2621 1961 2685 re·

605 2741 694 2856 gni,
725 2737 946 2838 sedetiam
974 2741 1194 2836 universae
1224 2743 1369 2834 ltaliae
1392 2739 1693 2860 tranquillitati
1719 2741 1960 2858 plurimum

604 2879 842 3002 prospexit,
864 2889 1019 3003 &quo
1040 2889 1187 2978 minus
1215 2911 1340 2976 antea
1355 2883 1656 3004 Neapolitanis
1684 2878 1822 2971 fixerat
1852 2883 1962 2969 con·

603 3019 768 3116 sulcum
794 3026 1307 3148 legibus-institutisque,
1334 3053 1389 3117 ut
1415 3023 1618 3118 florerent
1634 3027 1815 3131 litteris,
1835 3047 1958 3111 corn·

476 3237 479 3244 ,
603 3169 767 3260 morcio
806 3177 849 3262 ἃ
879 3171 1064 3280 artibus,
1096 3201 1202 3292 quae
1242 3170 1297 3262 ad
1337 3175 1454 3263 vitae
1488 3173 1666 3264 cultum
1712 3158 1963 3278 necessariae¹

603 3310 683 3402 ell'e
708 3314 940 3420 videntur,
974 3346 1027 3404 eo
1063 3313 1314 3433 diligentius
1356 3320 1403 3406 in
1434 3315 1545 3404 hanc
1586 3341 1739 3405 cutam
1770 3307 1855 3401 sbi
1894 3309 1959 3397 in*

453 3509 456 3516 -
603 3451 896 3540 eumbendum
926 3455 1118 3566 putavit.
1152 3453 1424 3544 Ferdinantlo
1443 3453 1570 3542 lilius.
1613 3465 1726 3540 er'at'
1752 3444 1963 3536 Alfonsus

602 3591 825 3682 Calabriae
861 3591 966 3679 Dux
995 3615 1130 3681 aetate
1145 3593 1352 3711 integra,
1376 3579 1517 3684 'mann
1549 3618 1800 3712 promptus,
1832 3613 1959 3704 atque

513 3797 517 3804 ·
603 3733 777 3853 ingenio
813 3732 966 3842 ferox,
1001 3736 1127 3852 cnjus
1158 3739 1337 3826 ambitio
1375 3737 1618 3854 perditique
1656 3763 1799 3826 mores
1847 3731 1961 3820 mul·

600 3905 747 3972 torum
782 3881 973 3998 ¹imperiis
1003 3907 1054 3970 ac
1100 3879 1292 3979 fortunis,
1332 3879 1496 4016 malum
1519 3879 1718 3967 minitari
1746 3877 1957 3967 ‘videban-

600 4047 692 4115 tur.
725 4024 914 4142 Ampiae
950 4017 1341 4114 Mediolanenfium
1390 4051 1460 4112 ren
1501 4043 1650 4130 erant,
1700 4027 1741 4110 δι
1786 4017 1861 4138 qui
1902 4020 1955 4107 iis

581 4167 835 4286 ¹imperabat
863 4165 1090 4256 Galeatiua
1116 4163 1255 4254 Maria
1285 4167 1475 4277 Sfortia,
1513 4173 1603 4257 vica
1647 4173 1688 4258 δι
1728 4161 1953 4282 prudentia

601 4309 813 4400 Francisci
847 4313 989 4430 patris
1028 4311 1160 4432 longe
1190 4307 1425 4418 disimilis,
1469 4339 1642 4430 rapere,
1663 4306 1954 4403 'consumeret

598 4443 669 4542 sua
699 4456 829 4568 parvi
862 4453 1081 4573 pendete,
1113 4458 1260 4548 aliena·
1297 4451 1483 4574 cupere,
1514 4452 1748 4572 pudorem,
1790 4446 1961 4568 pudici·-
