4492 5860
606 513 1425 610 Mncrtrtrcr-Vtrn‘
1553 551 1598 612 rt

318 733 404 824 diti
447 727 545 828 sunt
585 735 871 852 Bacchanales·
889 745 1075 848 Cantas,
1093 737 1237 855 .quia'
1276 735 1506 860 personatis
1545 767 1668 830 cane*

317 880 495 972 bunurr.
514 883 720 996 Inventor
748 875 870 973 fuisse
898 883 1060 974 dicitur
1075 883 1342 976 Laurentius
1369 879 1668 1005 personarum,

316 1053 432 1142 quae·
464 1049 541 1116 aut
565 1025 853 1143 ‚triumphum
895 1051 972 1116 aut
1023 1052 1131 1128 artes
1186 1023 1387 1146 quasdam
1435 1021 1669 1134 referrent,
1830 1085 1834 1094 -

169 1251 175 1264 .
316 1193 428 1283 quae
464 1163 637 1285 sumptu
667 1175 708 1260 dc
736 1167 1057 1290 magnificentia
1091 1201 1222 1290 prope
1258 1169 1504 1264 incredibili
1523 1171 1686 1291 prudiv·

316 1311 462 1404 bunt.¹
478 1311 623 1430 Equi,
657 1307 809 1422 vestes,
840 1313 1142 1423 inlbumcnta,
1165 1307 1318 1422 omnis
1336 1317 1520 1434 denique
1546 1303 1667 1436 appu}

318 1483 450 1548 ratus.
468 1459 686 1550 indicabat
710 1461 950 1556 inventoris
976 1461 1227 1581 ingenium,
1251 1461 1327 1576 qui
1356 1453 1504 1552 solitus
1537 1463 1668 1550 etiarn

316 1629 405 1696 mat
432 1601 629 1696 adhibere
656 1603 912 1718 celebriores
932 1605 1111 1722 pistores
1139 1633 1235 1698 tum
1253 1606 1311 1696 ad
1335 1603 1667 1708 inveniendum,

316 1771 416 1840 turn
442 1748 509 1850 ad¹
540 1745 782 1838 ornandum
811 1743 1095 1866 spedaculum
1125 1749 1220 1864 (ιο)
1244 1820 1253 1841 .
1284 1745 1534 1841 Accedebat
1568 1775 1667 1834 mu·

315 1887 436 1988 sico-r
466 1897 508 1980 da
543 1887 751 1996 numeros
775 1895 822 1978 dt
855 1917 981 1980 voces
1010 1897 1052 1982 δι
1082 1890 1237 1982 modos
1272 1890 1573 1985 moderabatur
1600 1889 1667 1976 ine

315 2017 493 2124 turdum
520 2056 649 2150 poeta
665 2025 778 2147 ipse.
803 2029 1089 2142 Laurentius,
1123 2057 1200 2131 aut
1242 2037 1430 2124 carmine
1477 2029 1663 2122 donabat

312 2169 551 2291 illos-,qui
587 2173 672 2262 hoc
711 2175 923 2290 praeclare
954 2173 1089 2266 facere
1112 2171 1314 2291 ,pollente
1346 2155 1666 2266 Cautiunculue

313 2311 677 2410 conserebantur
706 2318 855 2416 ltalia.;
882 2325 927 2407 dr
957 2315 1219 2410 Florentiam
1248 2316 1404 2409 lactum
1424 2309 1503 2408 effe
1517 2315 1666 2414 omni·

313 2445 397 2550 bus
426 2459 599 2562 laetitiis
627 2462 770 2548 cuncti
808 2457 1135 2578 praedicabunt,
1178 2459 1412 2552 obterente
1452 2455 1666 2580 populum

312 2601 574 2692 inurendo.
612 2601 739 2692 Haec
755 2603 1072 2695 oblectamenta
1103 2601 1302 2726 saepe-ad
1333 2603 1490 2695 multus
1530 2600 1667 2690 nodis

183 2863 185 2870 Ι
312 2745 442 2838 boras
477 2743 857 2863 protrahebantur,
893 2771 1023 2863 atque
1061 2779 1114 2840 eo
1150 2745 1347 2869 sumptu,
1385 2769 1438 2836 ut
1466 2742 1665 2854 diurnam

312 2889 463 2978 'lucem
492 2883 604 2975 cerei
634 2911 762 3004 atque
790 2885 904 2992 faces
935 2915 1111 3008 aequare
1140 2881 1415 2993 riderentur..
1432 2888 1552 2980 -Alia
1585 2883 1665 2972 hu

316 3023 504 3144 jusmodi
544 3029 665 3149 plura
695 3031 894 3122 condidit
921 3034 1175 3128 Laurentius
1209 3038 1398 3126 carmina
1437 3031 1491 3124 ad
1522 3027 1664 3120 hilari·

314 3193 453 3272 tatem
489 3175 533 3258 dc
573 3167 704 3262 risum
732 3169 866 3282 sada,
899 3175 952 3261 de
982 3177 1135 3289 quibus
1174 3173 1350 3294 singulis
1381 3175 1561 3264 minime
1590 3197 1665 3257 ne:-

314 3307 422 3401 ceffe
452 3309 509 3404 est
538 3313 707 3404 dicere.
743 3311 854 3404 Non
884 3319 1036 3407 minus
1077 3345 1181 3407 vero
1222 3320 1269 3407 in
1299 3315 1504 3426 ludicris,
1535 3337 1665 3430 quom
1821 3351 1824 3358 ¹

235 3465 236 3470 '
314 3459 364 3548 in
394 3450 508 3562 seriis
537 3453 677 3574 ipsum
709 3454 920 3574 quaesiisse
959 3459 1195 3549 verborum
1218 3461 1472 3582 elegantiam
1515 3485 1568 3547 ex
1611 3481 1666 3544 co

312 3599 503 3716 intelligi
542 3597 707 3718 potest,
743 3601 859 3719 quod
901 3603 1146 3697 conditores
1186 3603 1357 3696 Etrusci
1398 3601 1527 3704 lexici
1569 3622 1665 3686 eam
1851 3701 1858 3720 ι

312 3743 611 3832 audoriratem
642 3746 694 3833 iis
729 3743 1005 3857 tribuemnt,
1025 3775 1132 3866 quae
1163 3750 1305 3838 tribui
1334 3742 1441 3836 solet
1484 3743 1535 3832 iis
1565 3737 1663 3834 scri·

312 3886 428 4000 ptis,
459 3887 695 4000 exquibus
723 3889 932 4005 quidquid
963 3893 1153 4000 ludrias,
1175 3919 1333 4008 purum
1368 3885 1664 4005 liquidumque

311 4049 362 4115 te
393 4024 572 4132 haurire.
594 4024 745 4119 sentias
779 4029 818 4142 (ι
835 4034 903 4146 ι).
935 4031 1090 4152 Neque
1127 4031 1268 4124 solum
1311 4031 1564 4122 Laurentius
1593 4053 1661 4116 ve.-

312 4193 444 4258 natus
476 4165 730 4264 estlaudem
763 4177 813 4266 in
842 4180 1023 4294 propriis
1064 4175 1324 4266 carminibus
1354 4169 1558 4275 edendis,
1587 4160 1660 4258 scd

310 4316 448 4418 'eriam
478 4315 524 4401 in
553 4313 701 4406 alienis
745 4319 1031 4436 colligendis,
1075 4317 1193 4430 quod
1231 4311 1436 4431 suscepit,
1477 4337 1529 4402 ut
1568 4339 1660 4402 rem

311 4482 485 4579 ngratans
516 4453 673 4566 faceret
705 4457 924 4552 Fridcrico
952 4453 1362 4577 Aragunio.Alfonli
1393 4457 1523 4576 Regis
1540 4451 1658 4559 filio,

256 4649 259 4656 ·
1150 4599 1186 4696 Β
1221 4631 1244 4691 2
1379 4617 1385 4628 '
