4472 5858
501 505 1335 608 2--Mmu1r101vm
1514 533 1572 626 99

285 727 516 851 fugerant,
551 754 656 823 curn
694 727 892 827 viderent
930 731 1344 840 inflammationem,
1372 723 1634 822 eversionem

288 871 609 996 vastitatemque
637 872 721 970 suis
752 881 1037 998 rediretque
1069 882 1178 996 agris
1211 873 1440 968 crudeliter
1470 874 1523 961 ab
1557 873 1634 962 ho·
1778 922 1784 934 ·

287 1013 417 1112 stibus
435 1023 664 1140 importari
678 1023 886 1117 ..Interim
912 1049 1147 1116 evocantur
1170 1026 1340 1140 copiae,
1362 1049 1469 1138 quac
1496 1021 1541 1108 in
1559 1049 1637 1136 op·

285 1165 516 1284 pugnanda
545 1163 711 1260 Perusra
752 1165 848 1262 satis
890 1167 1076 1260 feliciter
1117 1163 1415 1270 elaborabant,
1446 1184 1637 1282 quorum
1718 1208 1720 1215 ·

192 1313 194 1319 ’
288 1307 479 1402 adventu
508 1335 650 1402 metus
684 1341 734 1402 ac
768 1341 942 1406 moeror
972 1313 1168 1434 publicus
1196 1309 1440 1432 paullulum
1471 1309 1638 1397 levatus

288 1447 374 1542 est.
405 1451 506 1546 Hae
533 1453 588 1544 ad
618 1453 804 1548 Cassiani
835 1459 1032 1566 Fanum,
1063 1455 1181 1574 quod
1220 1455 1432 1573 oppidum
1462 1449 1638 1542 Floren-

285 1595 351 1687 'ria
373 1595 492 1700 abest
515 1600 653 1692 millia
684 1599 877 1724 passuum
905 1603 1030 1714 osto,
1066 1596 1195 1690 castra
1223 1595 1485 1718 posuerunt,
1515 1621 1639 1684 cum·

288 1763 373 1856 que
401 1737 709 1862 supplementis
729 1753 984 1866 'magnoque
1008 1775 1192 1836 numero
1214 1771 1392 1850 eorum,
1414 1765 1524 1856 quos
1550 1733 1639 1824 foe·

285 1875 371 1969 'dus
400 1883 534 1976 rimor
563 1913 685 1978 antea
715 1887 984 2009 disperserat,
1004 1890 1050 1977 in
1074 1887 1164 1977 dies
1196 1887 1333 2004 magis
1356 1903 1638 2002 augerentur,

286 2021 329 2109 de
364 2023 515 2117 urbem
545 2027 774 2124 defendere
804 2039 845 2124 dc
877 2025 1068 2122 lacessere
1098 2029 1229 2118 etiarn
1272 2021 1460 2133 hostem,
1489 2047 1639 2142 quam·
1679 2055 1684 2064 ·

281 2155 350 2253 “vis
380 2165 560 2260 vidoria
599 2169 828 2292 superbum
868 2171 995 2264 facile
1035 2164 1149 2289 polle
1193 2169 1468 2259 videbantur.
1507 2163 1639 2282 Regis

282 2303 468 2416 interea,
500 2323 629 2428 cap'to
660 2311 744 2424 jam
774 2315 1065 2434 Pogibontio,
1096 2313 1245 2422 Vico,
1273 2311 1508 2418 Cerraldo,
1526 2308 1640 2398 aliis·

281 2475 376 2566 que·
396 2451 565 2568 oppidis
595 2479 672 2545 aut
700 2456 900 2576 direptis,
931 2485 1007 2550 aut
1036 2457 1082 2547 in
1126 2455 1244 2549 suam
1275 2457 1490 2548 ditionem
1521 2449 1640 2540 reda·

282 2593 384 2700 nis,
427 2592 606 2686 Collem
648 2627 896 2720 oppugnare
935 2601 1267 2721 aggrediuntur,
1303 2631 1391 2720 quo
1434 2597 1475 2691 se
1518 2591 1638 2688 brevi

282 2739 499 2854 potituros
534 2735 779 2857 sperabant,
812 2745 966 2835 animis
997 2749 1132 2866 magis
1175 2727 1306 2864 quam
1346 2743 1510 2832 viribus
1540 2733 1638 2844 rest,-

283 2876 488 2971 stentibus
529 2881 785 2999 oppidanis.
819 2883 919 2974 Hos
950 2889 1133 2980 minime
1162 2885 1445 2990 deserendos,
1485 2901 1637 2995 utpote

281 3024 360 3138 'qui
405 3019 593 3112 fidiffimi
635 3021 719 3115 suis
765 3029 889 3118 rebus
935 3025 1099 3149 semper
1144 3027 1350 3134 fererant,
1392 3019 1637 3114 Florentius
1744 3037 1746 3041 ’
1837 3101 1842 3112 ,

280 3169 521 3282 putarunt,
553 3197 682 3284 quare
724 3171 852 3262 castra
886 3171 945 3262 ad
986 3171 1157 3264 Fanum
1187 3165 1445 3260 Geminiani
1483 3192 1635 3252 move·

280 3329 409 3395 runt.
442 3307 566 3398 Tum
599 3339 705 3402 vcro
736 3317 966 3432 cognitum
999 3331 1162 3438 magno
1204 3345 1310 3406 cum
1354 3307 1636 3428 Reipublicae

166 3461 170 3472 '
282 3447 497 3542 dedecore
536 3479 668 3572 arque
709 3457 997 3550 incommodo
1023 3465 1050 3571 ,'
1084 3491 1215 3580 quam
1267 3461 1476 3579 ignavum
1520 3452 1636 3542 rnili-

281 3598 373 3680 rern
420 3593 580 3702 aleret,
622 3623 697 3690 aut
740 3627 872 3720 quarn
913 3633 1068 3722 parurn
1101 3599 1329 3694 fidendum
1363 3595 1465 3692 esset
1495 3621 1634 3689 exter·

280 3735 348 3824 nis
391 3741 750 3862 mercenariisque
790 3751 955 3866 copiis.
997 3745 1120 3836 Nam
1155 3745 1223 3835 his
1269 3737 1637 3865 inspeuantibus,

279 3881 383 3962 eum
415 3877 609 3969 defensor
654 3913 788 3976 nemo
829 3889 1141 4008 auxiliatorque
1170 3887 1223 3979 ad
1260 3889 1471 4008 oppldnm
1511 3912 1634 3976 acce·

280 4015 424 4124 deret,
464 4049 602 4136 noque
629 4023 719 4116 ulla
755 4029 939 4146 amplius
965 4029 1065 4126 esset
1093 4057 1238 4126 rerum
1270 4033 1510 4151 expeslatio
1544 4055 1633 4114 me·

279 4158 473 4268 liorum,
517 4161 739 4256 Collenses
766 4165 817 4260 'se
858 4167 899 4263 se
933 4171 1123 4266 hostibus
1167 4173 1320 4264 dedere
1364 4172 1517 4262 coasli
1539 4163 1631 4253 fue·

279 4305 408 4394 r'uut.
439 4303 557 4429 Haec
589 4337 663 4426 per
692 4341 958 4406 autumnum
990 4345 1056 4404 an.
1077 4341 1351 4404 uccccuxxrx.
1381 4307 1489 4430 gesta
1506 4347 1520 4399 .’
1548 4307 1671 4397 lni·‘

279 4444 349 4533 rio
377 4464 522 4538 autern
552 4447 728 4564 hiemis,
751 4453 1147 4576 obstupescentibus
1178 4457 1411 4570 omnibus,
1429 4451 1546 4581 quod
1565 4453 1631 4546 vi·

1035 4599 1144 4694 Na
