4472 5858
561 501 1027 606 Maon-trior
1088 515 1300 610 Vtra
1486 555 1566 638 ιιι

299 714 577 832 Ja'nfiliatius,
607 707 755 815 Petrus
791 722 1102 844 Minerbettus,
1121 735 1276 828 Guido
1308 741 1528 832 Antonius
1545 731 1633 836 Ve-

295 856 515 976 spuccius,
547 863 744 959 Thomas
788 873 1005 987 Albitius,
1037 879 1201 971 Ginius
1243 879 1524 1004 Capponius,
1566 883 1633 993 Ja-

293 1005 429 1096 cobus
459 1006 783 1124 LanfrediuiuS,
815 1019 1077 1116 Dominicus
1107 999 1428 1140 Pandolfinius,
1450 1027 1636 1139 Joannes

295 1145 602 1244 Tornabonius
642 1165 684 1249 δι
720 1163 943 1256 Antonius
984 1167 1206 1264 Medices.
1255 1171 1413 1292 Neque
1455 1198 1634 1282 tutum,

295 1320 434 1412 neque
464 1293 672 1393 decorum
702 1301 940 1420 judicatum
972 1309 1029 1400 est
1070 1343 1173 1404 cum
1204 1315 1290 1405 illis
1321 1317 1492 1407 mittere
1524 1317 1634 1405 Lau-

295 1441 511 1550 rentium,
547 1451 740 1560 quamvis
772 1453 820 1540 id
849 1485 875 1545 a
906 1437 1148 1550 Pontificiis
1189 1455 1507 1579 efflagitaretur.
1543 1461 1635 1550 Do-

292 1581 453 1674 minica
482 1589 619 1704 prima
649 1590 880 1687 Adventus
909 1629 976 1690 an.
1009 1629 1267 1696 ttccccuxxx.
1287 1635 1438 1700 omnes
1461 1611 1507 1696 in
1537 1631 1635 1722 por-

291 1723 434 1814 ticum
464 1728 504 1818 S.
535 1729 651 1823 Petri
681 1733 881 1832 Bafilicae
917 1773 1044 1834 mane
1075 1751 1355 1840 conveniunt·
1377 1743 1635 1840 Pontificem

289 1876 416 1982 atque
446 1869 694 1966 Cardinales
724 1878 1046 1996 praestolantes.
1082 1889 1204 1980 Fecit
1233 1891 1359 1980 verba
1389 1879 1633 1982 Volaterrass

287 2015 448 2101 norum
478 2015 713 2138 Episcopus
729 2023 966 2141 'legationis
996 2031 1221 2148 princeps,
1244 2031 1363 2148 cujus
1384 2037 1523 2126 oratio
1547 2021 1634 2128 filit

288 2152 561 2278 hujusmodi,
585 2187 635 2253 ut
663 2160 810 2257 inellet
841 2171 977 2262 mixta
1009 2177 1209 2290 gravitati
1240 2174 1470 2267 modestia.
1500 2175 1633 2290 Nihi-

288 2297 336 2386 lo
366 2323 509 2387 tamen
541 2307 684 2396 minus
714 2309 933 2402 verbisl
884 2319 1123 2432 aperrimis
1148 2316 1281 2437 (quid
1301 2321 1418 2410 enim
1443 2344 1633 2436 unquam

170 2487 172 2492 ·
287 2436 374 2532 fuit
409 2446 515 2534 mite
546 2448 592 2538 in
623 2451 831 2544 Roboreis
872 2457 1232 2576 Pontificibus?)
1262 2493 1334 2554 eos
1365 2461 1634 2604 reprehendit

286 2583 457 2696 Sixtus,
487 2619 534 2680 ea
565 2597 711 2687 omnia
742 2628 1120 2713 commemorans,
1151 2635 1263 2726 quae
1304 2607 1455 2697 civitas
1484 2581 1633 2693 adver·

284 2719 354 2820 sus
385 2729 662 2828 Pontificiam
693 2730 950 2858 majestatem
979 2744 1119 2838 feciffe
1149 2751 1438 2869 arguebatur;
1465 2761 1504 2840 dt
1523 2743 1632 2866 post

284 2899 416 2992 quam
451 2881 536 2970 irae
567 2877 792 2997 satisfecit,
824 2891 1018 2982 molliori
1047 2890 1147 2986 ulus
1177 2895 1371 2985 oratione
1401 2896 1579 3014 virgar
1551 2887 1631 2979 fin·

284 3023 487 3136 gulorum
509 3047 628 3140 terga
652 3025 707 3118 de
734 3059 854 3122 more
884 3033 1104 3126 verberans
1133 3033 1171 3150 (1
1188 3037 1260 3152 ¹4)
1282 3037 1554 3129 Florentinos
1584 3064 1632 3126 o·

284 3190 407 3252 mnes
437 3165 658 3258 Romanae
682 3161 892 3266 Ecelefiae
911 3177 1233 3288 reconciliavit,
1252 3204 1376 3299 atque
1396 3179 1630 3272 conficien-

284 3303 444 3397 dorum
473 3303 690 3406 sacrorum
720 3315 812 3434 jura
841 3319 893 3408 iis
923 3327 964 3412 &
1006 3321 1165 3413 uicinis
1205 3321 1481 3415 Dioecefibus
1517 3313 1630 3413 resti·

283 3449 400 3543 tuit
431 3448 610 3575 Legati,
641 3463 717 3580 qui
758 3467 882 3558 nullo
913 3467 1126 3557 comitatu
1156 3472 1197 3556 δι
1228 3467 1403 3557 nolin
1389 3495 1436 3556 ιιι
1463 3463 1630 3554 Urbem

282 3591 561 3712 introierant,
599 3629 717 3698 tanta
758 3609 1002 3702 celebritate
1045 3611 1288 3732 laetitiaque
1328 3611 1630 3702 Romanorum

284 3767 337 3830 eo
366 3740 437 3832 die
467 3743 652 3837 domum
688 3729 863 3850 dedubli
894 3747 1097 3866 fuerunt,
1134 3779 1186 3846 ut
1219 3749 1490 3872 triumphare
1511 3745 1629 3838 vide·

283 3907 452 3976 rentur.
481 3887 650 3984 Minuit
678 3917 822 3987 tamen
853 3895 970 3986 illius
999 3897 1086 3988 diei
1111 3893 1483 4018 gratulationem
1470 3917 1627 3982 turmo·
1686 3923 1692 3931 ’

283 4023 426 4115 derata
457 4029 682 4123 Pontificis
700 4033 953 4154 postulatio,
971 4043 1047 4161 qui
1075 4043 1211 4134 veluti
1229 4063 1505 4160 peccatorum
1527 4061 1626 4147 pue·

283 4181 385 4260 iram
411 4173 606 4290 exigebat
636 4207 661 4268 a
691 4177 977 4310 Florentinis,
1009 4210 1059 4275 ut
1083 4183 1331 4304 quindecim
1354 4182 1542 4294 triremes
1559 4173 1623 4259 in-

281 4305 487 4407 struerent
512 4347 804 4439 armarentque
834 4325 888 4412 ad
918 4347 1063 4412 motus
1093 4346 1355 4436 conatusque
1377 4318 1624 4406 Turcarnm

282 4453 796 4574 prohibendos.1dnon
837 4461 978 4557 solum
1020 4487 1175 4582 grave,
1205 4457 1277 4554 sed
1307 4459 1437 4555 etiam
1471 4457 1623 4551 intole-

1110 4605 1145 4696 P
