4492 5860
509 578 570 628 ,Η
640 505 1115 626 liparitano}
1174 502 1389 596 Vtra
1480 627 1485 636 Ι
1581 535 1631 616 33

330 723 554 848 copiarum
594 728 873 890 Reipublicae
923 727 1155 848 imperaror
1188 723 1474 822 Florentiae
1471 723 1664 848 wegebat,

276 971 283 982 ,
325 903 378 1012 ut
419 899 576 991 quanta
610 872 797 964 maxima
827 859 978 964 subito
1022 869 1154 992 pollet
1194 873 1384 988 militum
1420 893 1663 1008 comparata

326 1005 483 1129 manu,
524 1019 697 1132 Pratum
740 1019 792 1110 ad
840 1015 1079 1108 tumultum
1119 1013 1346 1110 sedandum
1392 1035 1659 1148 properaret.

324 1163 456 1258 Sed
443 1191 480 1252 rs
509 1189 599 1252 non
629 1160 761 1279 longe
792 1161 979 1250 aberata
1013 1161 1216 1272 civitate,
1244 1193 1345 1253 cum
1384 1141 1503 1250 audit
1531 1185 1660 1248 omne

325 1306 542 1404 sublatum
567 1299 646 1394 else
675 1301 932 1406 discrimem
952 1303 1239 1424 judicatusque
1258 1303 1449 1397 Nardius
1470 1301 1660 1424 perduel-

325 1450 457 1540 lionis
488 1475 583 1540 reus
611 1445 831 1568 postquam
865 1449 1043 1557 omnia,
1073 1452 1137 1542 uti
1164 1447 1272 1572 gesta
1303 1447 1444 1562 erant,
1470 1447 1658 1568 aperuit,

328 1593 460 1709 quid,
495 1621 568 1687 aut
596 1601 756 1715 quade
798 1597 932 1692 caussa
964 1595 1130 1689 consilii
1171 1590 1402 1701 habuisset,
1434 1621 1536 1683 cum
1566 1591 1659 1680 aliis

317 1740 476 1857 ‘paucis
492 1743 701 1844 ,criminis
735 1741 861 1836 sociis
905 1718 1043 1862 capite
1080 1741 1297 1856 pleelitur.
1344 1736 1444 1832 Hac
1475 1737 1660 1830 extenua

329 1881 502 1974 flamma
516 1913 650 1992 ,cum
675 1880 771 1977 satis
802 1883 993 2004 prospere
1024 1877 1302 2003 Reipublicae
1333 1911 1398 1973 res
1428 1877 1659 2000 procedere

323 2023 595 2133 viderentur,
644 2056 696 2118 ex
738 2029 832 2118 otio
874 2037 915 2117 δι
963 2029 1179 2146 opulentia
1234 2029 1491 2122 immutatos
1540 2018 1659 2114 suiffe
1724 2019 1727 2024 ’

322 2141 510 2263 ciuitatis
547 2195 690 2256 mores
730 2171 919 2286 queritur
948 2171 1298 2280 Machiavellius,
1322 2169 1379 2260 src
1401 2195 1452 2261 ut
1482 2199 1528 2258 ea
1550 2191 1658 2283 tem7

321 2304 474 2424 pestate
511 2311 700 2426 eoeperit
735 2308 932 2430 juventus
961 2314 1095 2432 magis
1130 2316 1176 2402 in
1208 2309 1382 2443 scortis,
1420 2309 1659 2432 conviviis,

307 2435 470 2562 ludis,
502 2453 705 2572 omnique
734 2452 838 2548 luxu
861 2463 912 2545 ’δι
942 2455 1241 2548 maledicentia
1264 2447 1504 2548 lubidinem
1532 2449 1658 2541 habe'·

307 2610 395 2704 re,
427 2625 556 2714 quam
587 2601 633 2686 iu
667 2595 834 2688 decoris
864 2605 992 2690 armis
1028 2609 1069 2692 δι
1098 2601 1354 2694 militaribus
1390 2585 1656 2690 exercitatio-

310 2725 429 2845 ἐιιιιε,
471 2742 833 2882 ingeniorumque
869 2745 1025 2844 cultu,-
1054 2743 1173 2836 illam
1204 2741 1317 2861 quali
1353 2742 1527 2880 venenis
1566 2766 1656 2828 ma·
1747 2803 1755 2818 .

319 2885 372 2976 lis
413 2870 625 2988 imbutam
668 2923 716 2982 ea
768 2889 930 3009 semper
978 2889 1310 3011 concupiscere,
1351 2921 1460 3012 quae
1503 2911 1658 3004 corpus

315 3023 607 3156 [animumque
633 3060 979 3151 corrumperent,
999 3041 1050 3126 δι
1083 3039 1294 3128 amicitias
1325 3029 1656 3150 inimicitiasque

323 3203 415 3266 non
456 3165 529 3264 ex*
550 3175 720 3290 publica
764 3175 975 3282 utilitate,
1011 3174 1083 3265 sed
1121 3209 1172 3268 ex
1205 3179 1374 3294 privato
1419 3171 1656 3265 commodo

321 3312 538 3408 aestimare
560 3359 589 3405 .·
613 3316 769 3408 Homo
811 3315 1111 3418 Mediceomm
1147 3315 1343 3410 fortunae
1389 3317 1505 3438 haud
1550 3314 1655 3408 sem·

310 3489 395 3578 per
436 3459 600 3547 amicus
635 3488 804 3578 carpere
836 3459 1001 3556 sortasie
1037 3463 1180 3576 voluit
1218 3464 1524 3570 Laurentium,
1556 3485 1653 3590 qua·

317 3596 349 3688 sr
388 3602 446 3691 ab
485 3599 576 3718 ipso
621 3633 669 3692 ea
710 3605 793 3694 tela
835 3630 1080 3712 texeretur,
1128 3613 1190 3706 &
1209 3637 1280 3698 ea
1298 3607 1547 3696 incitaretur
1591 3630 1653 3726 ra·

319 3745 383 3836 tio
424 3745 602 3880 vivendi
637 3777 686 3836 ac
723 3743 955 3905 posteritati
988 3737 1298 3862 ostenderetur,
1329 3777 1562 3846 uteorum
1593 3747 1653 3834 ci-

320 3889 473 3994 vium,
504 3870 610 4004 quos
661 3888 840 4002 majores
873 3921 961 3982 non
1000 3890 1209 4005 tulissent,
1249 3895 1378 3984 multi
1420 3889 1461 3982 se
1499 3887 1653 3980 similer

309 4025 400 4118 'csse
431 4033 663 4145 cuperent.
704 4032 918 4153 Equidem
955 4035 1150 4130 censeo
1137 4067 1183 4126 m
1212 4031 1447 4158 Republica
1489 4028 1652 4163 nullam

317 4167 397 4262 csse
433 4173 726 4288 capitaliorem
763 4175 918 4295 pestem
960 4181 1150 4289 luxuria,
1198 4209 1279 4270 nec
1318 4171 1431 4294 posse
1471 4171 1547 4290 diu
1584 4142 1653 4300 rek-i

209 4365 226 4444 ss
319 4311 450 4444 'tineri
493 4316 732 4408 libertatem
772 4319 851 4411 nisr
893 4321 1211 4440 moderatione,
1252 4314 1522 4433 simplicitate
1534 4355 1555 4424 ,·
1583 4341 1649 4403 ae-

319 4457 551 4596 qualitate,
585 4461 818 4600 concordia
842 4458 973 4580 iisque
1004 4460 1183 4571 artibus,
1205 4459 1376 4582 ,quibus
1407 4459 1536 4556 initio
1557 4481 1650 4576 par·
