4474 5858
553 479 1297 612 blaeurrrcrllrrn
1498 500 1579 588 193·

305 693 453 806 tella-c,
473 699 557 790 hoc
583 691 810 812 defensio,
838 705 898 794 ita
921 699 1159 790 florentiae
1191 694 1392 802 vivebat,
1421 717 1474 784 ut
1503 693 1645 800 omui·

300 839 381 950 bus
411 840 510 933 ell'et
540 842 808 937 castimoniae
839 853 879 935 8(
908 843 1156 964 prudentiae
1185 839 1430 955 exemplar.
1467 838 1562 950 Qua
1597 835 1644 920 in

296 982 485 1075 revisus
516 983 573 1078 est
604 992 734 1080 etiam
765 989 1014 1078 Laurentius
1045 985 1286 1102 plurimum
1316 981 1502 1072 tribucre
1532 975 1645 1070 Mat»

298 1124 427 1216 thaeo
458 1127 648 1237 Franco,
685 1133 760 1248 qui
799 1137 859 1220 ita
888 1129 1051 1249 puellae
1082 1123 1326 1229 consuluit,
1358 1132 1398 1214 δι
1440 1126 1499 1211 ita
1545 1116 1642 1208 uni-

301 1265 544 1378 versorum,
576 1301 680 1361 curn
711 1274 864 1390 quibus
893 1275 1059 1362 Romae
1087 1267 1351 1376 versabatur,
1381 1263 1644 1358 benevolen-

301 1411 408 1500 tiam
438 1413 642 1530 collegit,
673 1439 723 1504 ut
741 1415 924 1504 dubium
955 1411 1054 1506 esset
1082 1416 1155 1502 cui
1185 1415 1336 1521 aetati,
1370 1435 1444 1500 aut
1469 1407 1551 1498 eui
1566 1403 1644 1493 ho·

302 1553 474 1643 minum
516 1556 659 1672 generi
697 1559 830 1676 magis
864 1558 936 1647 ille
976 1554 1074 1648 esset
1111 1584 1261 1676 aptus.
1299 1554 1414 1646 Mira
1453 1549 1643 1642 omnino

303 1691 427 1805 sunt,
446 1726 552 1814 quae
572 1701 625 1787 de
640 1699 756 1791 illius
777 1700 1024 1818 prudentia,
1042 1701 1305 1808 urbanitate,
1325 1701 1469 1817 lepore
1489 1702 1528 1784 δι
1550 1723 1645 1780 mo

297 1836 422 1930 ,tibus
450 1837 621 1954 prorsus
645 1840 993 1933 commodiffimis
1014 1843 1226 1962 praedicat
1245 1842 1479 1934 Politianus
1505 1829 1649 1948 (216);
1771 1923 1778 1930 .

306 2008 432 2098 quare
468 1981 721 2076 Laurentius
761 1983 848 2078 save
879 1989 1013 2079 animi
1056 1981 1191 2076 caussa
1236 1981 1535 2088 rusticaretur,
1562 1973 1647 2066 live

308 2121 571 2215 valetudinis·
591 2157 698 2248 ergo
728 2129 780 2217 ad
811 2131 978 2220 balneas
1008 2131 1113 2236 iret,
1144 2127 1363 2215 Franeum
1400 2122 1475 2214 fibi
1511 2119 1646 2208 addo

307 2265 431 2357 cebat
460 2271 692 2380 comitem,
732 2271 855 2386 eujus
885 2273 1027 2391 lepore
1057 2269 1169 2389 quali
1211 2295 1498 2360 recrearetur.
1536 2261 1648 2352 Mul

307 2427 405 2496 tum
440 2412 570 2500 etiam
601 2409 727 2504 studii
757 2415 976 2530 adhibuit,
1008 2440 1058 2504 ut
1088 2415 1199 2504 bona
1230 2440 1358 2531 gener
1396 2411 1442 2500 in
1478 2403 1651 2510 Etruria

307 2543 502 2660 baberet,
527 2581 589 2668 ut
611 2557 670 2646 ibi
702 2561 747 2646 in
780 2559 943 2649 honore
974 2553 1092 2662 ellat,
1124 2557 1297 2672 aliisque
1343 2545 1653 2672 possessionibus

307 2719 334 2782 a
364 2693 575 2785 Pontifice
605 2696 809 2791 ditaretur
840 2680 993 2813 (ιη).
1023 2695 1203 2789 Necesse
1237 2699 1355 2785 enim
1387 2719 1475 2782 erat
1506 2691 1651 2781 vince·

309 2858 362 2922 re·
389 2835 514 2939 hujus
543 2839 708 2926 tardam
739 2867 958 2946 naturam,
989 2839 1046 2927 ob
1076 2869 1204 2955 quam
1235 2839 1305 2926 vel
1330 2865 1408 2942 ea,
1441 2861 1546 2951 quae
1574 2857 1652 2926 cu-

310 2973 475 3091 piebat,
517 2971 575 3063 ita
619 2970 771 3090 frigide
813 2979 1009 3087 curabat,
1051 3005 1101 3070 ut
1141 2981 1257 3070 nolle
1302 2973 1651 3070 existimaretur.

312 3110 497 3202 Nullam
530 3141 699 3230 quoque
730 3119 1007 3231 praetermifit
1045 3121 1313 3214 occafionem
1358 3111 1654 3229 benefaciendi

313 3261 467 3347 ceteris
500 3258 664 3373 generis
707 3252 814 3366 suis,
845 3263 921 3376 qui
954 3295 1103 3354 omnes
1144 3297 1233 3354 non
1274 3261 1394 3353 secus
1435 3288 1485 3347 ac
1527 3255 1653 3346 liberi

316 3422 490 3516 propter
520 3397 833 3515 indulgentiam
864 3401 1116 3522 singularem
1158 3407 1248 3494 vita
1285 3405 1477 3493 illiceat
1521 3398 1656 3487 cario·

321 3565 410 3629 res.
448 3540 559 3628 Satis
597 3538 717 3656 supra
757 3541 1067 3634 declaravimus
1105 3569 1319 3662 quantum
1361 3543 1569 3634 laboravit
1610 3541 1666 3628 in-

308 3679 551 3772 educandis
594 3680 944 3802 instituendisque
984 3683 1110 3792 filiis,
1151 3689 1227 3804 qui
1271 3713 1323 3776 ut
1364 3685 1658 3776 vehementius

317 3815 635 3914 stimularentur
662 3851 789 3940 atque
822 3830 1106 3916 excitarentur
1129 3829 1182 3915 ad
1216 3829 1417 3922 colendas
1443 3819 1656 3919 amandas·

315 3989 401 4080 que
432 3963 621 4068 litteras,
652 3963 776 4056 domi
818 3967 957 4056 alebat
993 3969 1236 4089 anagnostas
1273 3975 1491 4088 optimos,
1523 3961 1658 4078 pluri·

317 4131 414 4195 mos
447 4103 669 4206 librarios,
701 4128 753 4198 ut
782 4133 837 4196 ne
865 4105 1130 4227 pedissequus
1170 4113 1343 4226 quidem
1384 4131 1493 4192 uuus
1529 4095 1658 4207 esset,

316 4247 392 4360 qui
423 4273 512 4332 non
542 4267 773 4359 utrumque
802 4247 958 4335 horum
988 4251 1165 4362 pulchre
1196 4245 1332 4336 faeere
1370 4241 1530 4361 pollet.
1562 4243 1658 4332 Pari
1799 4247 1805 4252 ’

321 4379 458 4502 modo
474 4377 672 4494 ‘artifices
702 4385 856 4492 ceteri,
887 4413 993 4506 quos
1036 4391 1176 4480 cultus
1218 4385 1472 4490 domesticus
1501 4383 1656 4484 desudo

1162 4525 1301 4626 liba
