4472 5858
586 409 1333 514 narentarcrvtrt
1525 447 1604 517 155

323 634 419 728 suae
460 637 719 730 Laurentius
762 634 1053 754 prohibebat,
1095 658 1228 754 neqne
1273 637 1414 724 minor
1455 633 1520 722 illi
1564 662 1666 722 cura

323 805 435 887 erat,
466 779 602 870 ot'de
644 775 852 870 thesauris
901 777 985 868 suis
1027 779 1188 896 aliquid
1230 776 1391 896 semper
1432 777 1478 864 in
1521 777 1665 864 lucem

319 950 395 1048 per
436 923 552 1010 viros
609 921 759 1012 nonos
813 917 1097 1040 proferretur.
1151 927 1378 1012 innumera
1419 915 1534 1008 sunt
1557 945 1664 1034 quae

318 1046 442 1154 onos
480 1064 718 1156 Politiantrs
769 1065 909 1156 eidem
954 1065 1239 1156 bibliothecae
1281 1059 1513 1182 praefetius
1549 1058 1664 1153 insti-

320 1211 443 1314 tuit,
486 1237 673 1328 quaeqne
716 1213 895 1328 politius
936 1204 1112 1302 limaffet
1150 1237 1203 1296 ac
1243 1203 1510 1325 perfeciffet,
1549 1203 1579 1293 (ι
1622 1207 1662 1297 ei

319 1350 487 1440 diutius
545 1352 685 1442 vivere
735 1349 1017 1471 contigisset:
1047 1347 1280 1441 Pervenifl'e
1329 1352 1444 1438 enim
1495 1346 1661 1438 videba-

315 1513 414 1601 tor,
451 1493 589 1611 quoad
621 1496 829 1614 progredi
859 1520 1025 1615 poterat
1054 1491 1270 1613 fingularis
1316 1494 1507 1584 hominis
1542 1495 1660 1612 inge·

245 1667 250 1678 ·
318 1636 444 1726 nium
483 1621 612 1754 ¹atque
660 1637 890 1730 industria.
940 1637 1131 1728 Graecos
1185 1637 1445 1754 Latinosque
1485 1637 1661 1726 codices

314 1775 469 1866 diurna
509 1783 798 1898 nocturnaque
841 1811 973 1880 manu
1014 1775 1231 1884 versabat,
1276 1779 1420 1896 plures
1464 1782 1574 1869 inter
1611 1773 1657 1866 se

314 1915 596 2028 conferebat,
656 1922 835 2014 mutilos
884 1919 1130 2040 supplebat,
1182 1948 1405 2040 corruptos
1465 1917 1658 2010 emenda·

314 2057 418 2168 bat,
455 2069 493 2152 δι
540 2061 707 2180 srqoid
748 2065 859 2156 inter
894 2063 1152 2184 legendum,
1188 2095 1276 2182 quo
1319 2065 1510 2182 pollebat
1542 2061 1658 2178 inge·

314 2205 378 2292 nii
418 2208 619 2294 acumine
658 2232 784 2323 atqoe
815 2207 1087 2314 eruditione,
1117 2202 1505 2313 animadvertiffet,
1527 2233 1657 2294 enar·

310 2346 496 2434 rationes
535 2345 676 2464 (quas
716 2371 836 2438 notas*
876 2349 1017 2440 alieno
1057 2349 1285 2465 ineptaque
1328 2347 1541 2436 vocabulo
1586 2375 1656 2463 ap·

309 2486 521 2602 pellant)
563 2491 849 2580 contexebat.
892 2492 1033 2607 ltaque
1075 2493 1138 2599 ii,
1165 2494 1244 2610 qni
1287 2487 1450 2608 aliquid
1492 2487 1547 2579 de
1590 2485 1657 2576 his

309 2629 444 2742 rebus
462 2629 650 2745 judicare
689 2627 885 2750 poffunt,
924 2635 1193 2751 grammatici
1236 2643 1277 2728 δι
1310 2636 1378 2724 vel
1424 2629 1655 2724 severiores

306 2775 644 2890 criti'cimaigno
672 2775 718 2863 in
748 2778 887 2892 pretio
928 2774 1078 2866 habere
1112 2773 1252 2868 solent
1287 2753 1536 2890 hujusmodi
1569 2773 1651 2861 Po·

305 2911 448 3000 litiani
477 2907 662 3030 scripta,
692 2917 921 3032 eademqne
960 2911 1130 3008 summo
1159 2919 1256 3008 viro
1285 2917 1414 3006 Petro
1450 2913 1651 3004 Viiiorio

304 3054 413 3144 adeo
437 3053 616 3170 probata
646 3051 848 3165 fuerunt,
877 3081 927 3146 ut
954 3084 1113 3178 magno
1147 3056 1223 3148 fibi
1255 3059 1506 3172 adjumento
1539 3053 1649 3146 fuis·

304 3191 347 3285 se
384 3193 567 3286 affirmet
616 3199 662 3284 in
706 3197 960 3314 quibusdam
1001 3201 1262 3318 corrigendis
1308 3195 1648 3316 illustrandisque

303 3337 521 3460 veteribus
550 3341 790 3431 notioribus
819 3342 966 3456 (159).
991 3339 1185 3430 Hortatu
1217 3341 1437 3436 Laurentii
1462 3343 1657 3428 maxime·

299 3473 516 3578 ¹laboravit
553 3481 791 3572 Politianus
820 3487 867 3572 in
898 3483 1198 3593 emendandis,
1230 3517 1335 3603 quae
1365 3483 1418 3572 ad
1444 3511 1523 3572 nos
1554 3497 1647 3598 per·

304 3643 542 3732 venerunt,
583 3621 747 3742 scriptis
781 3624 1085 3746 Columellae,
1115 3623 1326 3736 Catonis,
1358 3628 1567 3718 Varronis
1607 3633 1649 3718 dc

301 3757 504 3872 Palladii,
533 3765 650 3882 quod
678 3767 755 3856 'iiia
783 3767 983 3892 Latinam
1013 3771 1207 3890 linguam
1252 3793 1381 3888 atqtre
1414 3769 1647 3888 agricultto

301 3927 394 4000 nm
426 3913 614 4000 maxime
646 3910 790 4024 juvare
821 3908 1252 4030 posseintelligebat.
1277 3913 1451 4029 Virque
1482 3913 1645 4028 aliquid

194 4109 196 4112 ψ
299 4042 605 4156 hujusmodie
648 4053 844 4144 manibus
886 4053 1148 4170 deponebat,
1177 4055 1456 4144 comederat
1492 4051 1640 4142 statim
1710 4128 1713 4134 .
1836 4109 1838 4122 ·

300 4184 512 4304 impulsor
553 4189 840 4302 Laurentius,
882 4221 933 4284 ut
975 4195 1086 4286 hanc
1130 4221 1264 4286 artem
1306 4193 1640 4284 emendatricem

302 4325 499 4423 veteram
529 4331 735 4426 codicum'
771 4363 861 4426 non
903 4335 1039 4427 modo
1068 4363 1142 4452 per
1177 4339 1305 4430 illurn
1347 4339 1539 4446 auitam,
1569 4335 1640 4432 sed

1056 4477 1103 4566 V
1137 4513 1161 4568 2
1222 4481 1224 4486 ’
