4472 5858
676 457 740 569 εἰ,
853 459 1356 554 Laoaatrrrr
1402 457 1765 555 Maureta

612 680 739 769 omni
762 677 956 770 diarum
982 705 1134 790 metu,
1167 675 1434 798 omnesque5
1463 675 1495 770 s1
1527 673 1623 772 lieri
1651 675 1882 796 pontillet,
1911 681 1968 808 ad

603 825 726 914 sixti
757 819 889 932 farta,
920 817 1272 930 morea,.faciem
1294 821 1480 942 denique
1505 853 1561 916 ac
1591 851 1754 920 nornen
1782 853 1807 916 a
1833 821 1968 918 Clari·

610 964 742 1056 stiana
773 967 1014 1086 Republica
1050 965 1346 1062 detestandum
1377 970 1691 1064 incitauerunt,
1730 965 1967 1067 Convoca-

593 1103 710 1204 ⁸urm
738 1141 786 1203 re
821 1139 920 1204 reta
951 1111 1037 1204 ltoc
1066 1115 1309 1205 concilium
1341 1107 1463 1206 suilla
1506 1115 1555 1206 in
1597 1109 1752 1230 majori
1785 1113 1964 1210 Floren-

523 1328 524 1332 a
610 1253 805 1347 tinorum
840 1259 1005 1376 templo
1035 1259 1225 1378 plerique
1263 1251 1561 1368 affirmarunt,
1595 1254 1666 1350 sed
1697 1287 1780 1375 ego
1810 1257 1963 1386 multis

610 1398 863 1514 conjedltrris
898 1399 1038 1491 ducor
1071 1426 1123 1492 ut
1159 1401 1333 1494 credam
1371 1403 1554 1492 minima
1596 1396 1843 1494 convenisse
1884 1399 1959 1490 Pa·

609 1565 724 1651 tres,
755 1549 796 1633 δι
830 1571 939 1660 quae
975 1543 1344 1636 circumferuntur
1389 1543 1518 1660 hujus
1555 1539 1713 1666 synodi
1754 1545 1845 1634 asia
1885 1533 1961 1636 seu

607 1685 804 1794 decreta,
838 1687 1092 1780 turbulenta
1119 1691 1200 1781 illa
1227 1692 1407 1808 quidem
1434 1699 1479 1781 δι
1511 1691 1716 1782 Romano
1752 1683 1961 1780 Pontifici

607 1826 841 1944 injuriosa,
875 1827 1048 1922 Gentili
1091 1835 1196 1942 uni,
1235 1833 1359 1950 cujus
1397 1833 1590 1954 profesio
1631 1863 1763 1926 manu
1804 1828 1961 1948 scripta

600 1965 707 2064 sunt
742 1973 863 2090 (93),
892 1975 1143 2087 tribuenda,
1173 2003 1346 2068 tatarum
1374 1978 1576 2072 licentiae
1608 1961 1681 2068 vel
1707 1977 1854 2095 potiua
1886 2003 1959 2074 au·

605 2115 751 2208 daciae
784 2122 1015 2235 patriae&
1055 2120 1278 2214 Laurentii
1319 2125 1471 2214 caritas
1502 2121 1673 2214 homini
1703 2119 1957 2238 ceteroquin

605 2257 742 2372 probo
769 2259 919 2350 dabat.
937 2261 1197 2357 lnllammati
1227 2265 1404 2386 quidem
1434 2263 1609 2360 firerunt
1630 2245 1956 2362 'nonnullorum

604 2397 917 2518 Episcoporum
968 2407 1104 2496 animi
1147 2408 1201 2497 ad
1250 2401 1559 2502 declarandum
1609 2409 1776 2501 nullam
1826 2405 1952 2502 Slxuu

605 2539 786 2632 caussam
818 2541 942 2638 soille
980 2547 1270 2644 interdicendi
1304 2554 1476 2646 civitati
1507 2551 1661 2662 sacris,
1698 2581 1788 2670 quo
1827 2575 1957 2668 gena·

601 2711 649 2775 te
677 2688 1055 2784 animadverfionis
1086 2720 1310 2814 nunquam
1350 2693 1586 2788 Pontifices
1621 2699 1689 2787 uti
1718 2689 1950 2788 consuere·

603 2857 671 2939 re,
693 2829 935 2948 praesertim
966 2835 1166 2929 adversus
1190 2841 1329 2957 Reges
1357 2847 1400 2932 ἃ
1429 2841 1584 2930 liberas
1614 2840 1842 2944 civitates,
1871 2829 1952 2924 nifi

601 2973 940 3094 'graviffimornnr
969 2977 1180 3074 sceletum
1212 2991 1255 3075 δι
1290 2985 1479 3072 maxime
1511 2979 1748 3102 iofigniarn
1773 2979 1948 3096 expiata

598 3115 757 3212 dorum
785 3119 952 3232 caulla,
985 3126 1033 3215 ln
1068 3153 1187 3218 tanta
1217 3129 1353 3248 igitur
1391 3129 1620 3244 iniquitate
1656 3123 1818 3216 decreti
1841 3121 1950 3240 quin

591 3259 652 3348 ad
684 3271 880 3382 gentium
906 3259 1114 3362 omnium¹
1139 3267 1352 3363 *futurum
1393 3294 1664 3360 conrentum
1707 3285 1947 3386 provocata
2111 3293 2119 3335 '·

599 3405 786 3496 licebat?
817 3407 911 3497 His·
941 3413 1066 3528 plura
1099 3415 1288 3532 populus
1320 3411 1505 3502 addebat
1545 3412 1600 3502 ad
1644 3411 1796 3504 odium
1841 3435 1950 3501 cou-

596 3544 792 3636 slandum
840 3547 1080 3660 Pontifici,
1115 3551 1231 3668 quast
1283 3553 1371 3671 ipse
1417 3553 1598 3647 rosarias
1645 3583 1748 3646 curn
1792 3548 1949 3648 multia

504 3680 511 3700 ‘
595 3689 810 3802 pactiones
838 3687 1046 3794 scelerum
1085 3693 1389 3818 societatesque
1414 3698 1473 3789 ad
1505 3701 1741 3819 perniciem
1767 3695 1953 3784 Floram·¹
2042 3757 2047 3764 ·

596 3829 711 3921 tinae
746 3834 1029 3954 Reipublicae
1057 3835 1248 3932 lecisset:
1278 3867 1457 3962 rogatur
1495 3869 1720 3964 propterea
1754 3839 1945 3930 Lauren

588 3977 712 4088 tina,
746 4005 798 4070 ut
831 4005 910 4098 pro
944 3983 1101 4102 gratia,
1132 4015 1215 4102 qna
1245 3987 1358 4103 apud
1389 3983 1614 4078 Caesarem
1643 3985 1860 4107 pollebat,
1885 3978 1943 4081 <le
2110 3983 2115 3998 ’

591 4121 878 4214 convocando
908 4120 1090 4215 Basrleac
1119 4129 1313 4219 concilio
1330 4133 1614 4248 oecumenico
1631 4157 1797 4252 agerat,
1819 4123 1944 4237 cujus

589 4290 750 4354 nornen
779 4297 870 4359 nort
902 4271 1038 4363 naodo
1067 4299 1196 4390 grave
1214 4333 1228 4381 ,
1247 4265 1318 4367 sed
1347 4273 1598 4366 &terribile
1619 4273 1791 4365 auribus
1810 4295 1943 4388 atqua

590 4408 1048 4548 animia-Porqificurn
1066 4411 1233 4539 semper
1260 4413 1466 4514 extitisset
1509 4417 1634 4536 (94).
1663 4417 1843 4534 Qanta
1877 4414 1947 4507 ira
