4472 5858
639 491 698 614 96
818 495 1304 594 Lacunam
1366 481 1731 600 Man-retr

579 717 672 818 inm
694 707 1048 810 Montanium&
1079 719 1382 838 Diephoebum
1413 723 1465 811 ab
1490 723 1785 842 Anguillarir,
1813 747 1923 839 qnos
2000 763 2004 770 ·

576 861 754 952 summis
782 864 976 978 precibus
1014 864 1147 952 abiis
1179 863 1424 952 Florentini
1465 867 1702 982 petierant.
1734 865 1809 954 Ad
1845 864 1923 953 hos

577 1012 706 1098 ctiam
724 1005 849 1102 rediit
872 1003 1131 1122 Rodulphus
1161 1001 1395 1125 Gonzaga,
1422 1005 1544 1118 cujus
1564 1011 1712 1128 copiae
1745 1003 1925 1121 conjun-

578 1153 666 1240 &ae
696 1181 798 1240 cum
819 1149 1144 1248 Ferrariensabus
1173 1159 1213 1240 &
1238 1155 1324 1270 iis,
1352 1179 1454 1268 quas
1485 1152 1725 1242 Florentini
1755 1147 1939 1240 connn'
1983 1259 1987 1264 ¹

577 1321 747 1400 xetant,
776 1290 873 1384 satis
899 1293 1095 1390 validum
1126 1293 1372 1386 conflabant
1408 1299 1672 1403 exercitum,
1703 1296 1778 1411 qui
1804 1289 1924 1380 Nea·

579 1439 779 1556 politanis
820 1469 908 1532 non
948 1435 1085 1528 solum
1116 1436 1324 1546 relistcre,
1373 1435 1445 1528 sed
1481 1441 1614 1530 etiam
1647 1438 1822 1528 obviam
1866 1435 1926 1524 ire

581 1577 739 1700 posset,
765 1579 908 1690 Hujus
934 1575 1083 1688 castra,
1107 1582 1248 1674 hieme
1268 1581 1483 1693 confecia,
1507 1587 1617 1673 intra
1636 1579 1814 1672 Collem
1844 1605 1925 1691 op·

583 1725 735 1842 pidum
768 1731 808 1814 δε
846 1721 1013 1810 Fanum
1045 1721 1298 1822 Geminiani
1326 1727 1461 1845 potita
1490 1725 1692 1818 inerunt:
1724 1719 1795 1812 scd
1827 1747 1929 1807 cum

586 1866 828 1958 Florentini
859 1866 1020 1958 ditioni
1048 1899 1220 1984 qunque
1245 1868 1469 1959 Pontificis
1501 1870 1746 1988 pericnlum
1781 1863 1929 1954 moliri

586 2011 772 2122 vellent,
792 2038 954 2126 partem
986 2009 1172 2122 ejusdem
1204 2016 1415 2103 exercitus
1444 2011 1496 2099 ad
1527 2007 1822 2129 occupandam
1856 2005 1929 2092 Pe·

513 2223 517 2232 .
588 2152 741 2242 rafiam
774 2151 977 2242 miserunt
1000 2154 1075 2244 sub
1098 2158 1279 2272 imper-io
1312 2155 1559 2262 Montonii,
1584 2152 1704 2264 cujus
1728 2173 1933 2266 magnum

592 2321 751 2405 nomen
796 2301 833 2381 8<
866 2297 1089 2384 auctoritas
1121 2298 1171 2386 iis
1212 2300 1257 2386 in
1288 2301 1528 2414 regionibus
1570 2293 1826 2388 habebatur.
1858 2291 1934 2378 Su·-

590 2435 705 2528 bitus
733 2433 971 2534 nostrorum
1003 2439 1211 2527 adventus
1250 2439 1455 2559 magnum
1488 2439 1584 2532 sane
1621 2439 1773 2530 intulit
1802 2437 1934 2524 timo»

593 2603 685 2674 rem
714 2577 987 2688 Pontificiia,
1028 2607 1078 2670 ut
1107 2613 1235 2672 nemo
1277 2615 1299 2674 e
1329 2579 1469 2672 castris
1509 2583 1661 2701 pedem
1689 2577 1832 2670 efferre
1863 2603 1936 2664 au·

596 2721 736 2812 deret.
771 2721 940 2812 Verum
970 2754 1085 2814 cum*
1109 2729 1253 2842 paullo
1288 2725 1378 2844 post
1407 2757 1592 2818 mortem
1621 2719 1788 2816 obiiffet
1814 2717 1939 2806 Mon*

598 2867 768 2972 tonius,
808 2890 977 2956 tantum
1015 2867 1198 2958 fiduciae
1240 2895 1368 2986 atque
1412 2867 1580 2986 spiritus
1633 2863 1752 2954 casus
1799 2852 1940 2972 hujus-
2079 2861 2080 2864 ‘

596 3007 718 3096 modi
749 3009 899 3100 iisdem
945 3014 1121 3121 attulit,
1166 3039 1346 3105 utnon
1383 3008 1521 3100 so'lutn
1548 3009 1601 3098 de
1631 3011 1793 3096 ratione
1821 3029 1937 3118 prae-

597 3147 645 3246 lii
677 3155 987 3252 committendi
1019 3159 1292 3276 cogitarent,
1325 3151 1393 3243 sed
1425 3149 1568 3243 vicisse
1599 3149 1683 3264 jam
1715 3146 1791 3236 fibi
1822 3141 1939 3232 vide·

597 3317 765 3396 rentur,
796 3299 938 3412 ltaque
969 3302 1075 3386 rerba
1104 3299 1158 3388 ad
1184 3295 1537 3415 'Tzhrasymenum
1570 3294 1716 3382 lacum
1758 3312 1939 3380 conten·

599 3435 763 3544 dunt„
788 3439 864 3532 ubi
900 3440 1220 3556 imparatosse.
1238 3437 1469 3531 offensuros
1500 3435 1686 3543 nostros,
1718 3431 1940 3522 &locum

599 3577 827 3667 Annibalis
858 3581 919 3668 de
942 3556 1150 3670 Rom'anis'
1176 3583 1353 3671 victoria
1380 3584 1544 3670 clatum
1572 3585 1687 3668 nova
1709 3572 1842 3662 clade
1872 3575 1938 3659 in·

604 3713 830 3832 figniorem
861 3718 901 3809 se
932 3717 1114 3810 facturos
1147 3719 1384 3838 sperabant.
1421 3721 1628 3814 Hostium
1657 3714 1838 3808 consilio
1868 3739 1942 3801 co·

603 3862 757 3980 gnito,
792 3861 973 3970 Jacobns
1016 3861 1369 3956 Guicciardinius
1405 3868 1614 3957 exercitus
1649 3860 1865 3979 Legatus,
1901 3859 1942 3942 &
1980 3873 1988 3878 “

604 4007 821 4124 Rupertus
857 4005 1098 4114 Malatesta,
1134 4013 1209 4124 qui
1252 4037 1451 4125 magnam
1480 4007 1776 4097 auetoritatem
1815 3995 1941 4088 babe-

590 4149 675 4241 bat
716 4151 828 4270 apud
869 4153 1030 4241 milites
1074 4177 1249 4270 propter
1294 4155 1496 4242 eximiam
1541 4154 1752 4240 virtutem
1802 4151 1844 4234 δι
1882 4130 1948 4232 rei

606 4293 801 4392 militaris
842 4290 1090 4402 scientiam,
1122 4317 1273 4384 monet
1314 4321 1465 4384 omnes
1506 4325 1559 4384 ne
1600 4292 1826 4408 repentino
1869 4281 1948 4372 ho·

433 4543 435 4550 ,
520 4417 523 4426 Δ
609 4425 736 4538 stibus
767 4435 939 4542 incursu
981 4462 1305 4546 exterreantur,
1340 4445 1401 4527 ne'
1424 4435 1478 4523 ab
1520 4431 1652 4554 fignis
1698 4425 1950 4534 discedant,

1744 4597 1888 4696 neque
