4472 5858
584 507 1053 598 lllaoNtrrcr
1114 507 1327 598 Vtra
1395 586 1404 600 ,,
1512 515 1569 618 89

295 724 466 846 pendiis
503 724 556 814 ad
587 721 681 814 snas
711 751 850 844 partes
878 721 1121 831 traxissent,
1153 721 1342 814 summae
1372 723 1508 815 totius
1542 722 1645 814 belli

299 866 654 986 praeposuerant.
689 867 814 958 Mens
841 896 931 958 erat
962 870 1219 960 Florentinis
1251 865 1347 958 suos
1391 897 1479 956 non
1511 862 1645 952 morlo

297 1007 403 1102 fines
421 1015 564 1120 tueri,
589 1010 660 1102 sed
683 1016 814 1103 etiam
837 1015 996 1104 alienos
1020 1041 1255 1130 occupare,
1285 1019 1326 1100 δε
1353 1009 1514 1099 Forum
1534 1005 1645 1125 Co'r-

298 1155 462 1246 nelium
496 1159 682 1249 maxime
713 1160 983 1278 cogitabant,
1007 1189 1070 1246 ac·
1088 1157 1245 1274 oppida
1274 1155 1547 1259 Senensum,
1567 1155 1663 1269 qui.

299 1327 402 1388 eum
440 1298 682 1396 Pontificiis
714 1302 1086 1420 &Neapolitanis
1128 1303 1350 1414 junxerant
1379 1299 1643 1395 amicitiam,

297 1443 385 1534 sed
418 1441 578 1554 holles,
611 1475 715 1538 cum
744 1444 910 1566 ingressi
941 1445 1025 1560 jam
1065 1441 1197 1536 essent
1236 1449 1282 1534 in
1323 1471 1473 1562 agrum
1516 1439 1647 1528 Clan-

299 1587 454 1696 tium,
502 1591 625 1678 vicos
668 1587 945 1706 aedificiaque
984 1591 1290 1699 incenderent,
1330 1591 1472 1678 vineas
1509 1581 1645 1674 succi·

302 1725 478 1839 decent,
515 1737 555 1820 δι
588 1731 828 1849 oppidum,
859 1737 933 1828 cui
976 1729 1228 1824 Castellinae
1268 1759 1454 1837 nomen,
1483 1727 1647 1842 aliaque

276 1979 279 1987 ἢ
304 1875 474 1960 minora
511 1869 736 1991 cepissent,
771 1903 1007 1994 coegerunt
1036 1906 1108 1966 eos
1138 1874 1214 1964 srbi
1255 1871 1418 1989 suisque
1449 1865 1645 1960 consule·

250 2009 264 2038 ‘
298 2039 365 2104 re.
406 2015 671 2131 Repentinae
700 2016 952 2110 incurfionis
982 2047 1107 2137 atque
1138 2022 1335 2139 impetus,
1353 2043 1572 2106 armorum
1597 2013 1645 2100 in

298 2157 450 2247 urbem
477 2161 639 2250 ,timore
672 2158 865 2270 sublato,
896 2165 1014 2281 quod
1050 2159 1234 2258 bostium
1264 2161 1411 2278 copiae
1437 2159 1642 2248 Aretium

301 2301 637 2410 contenderant,
669 2301 851 2421 spatium
876 2307 908 2398 ii
941 2303 1181 2394 habuerunt
1210 2303 1384 2420 parandi
1406 2303 1507 2406 illa,
1536 2327 1644 2414 quae

298 2444 354 2534 ad
392 2443 664 2538 refistendum
699 2443 827 2539 essent
862 2445 1108 2542 necessaria.
1140 2447 1236 2557 Jam
1269 2443 1404 2538 hostes
1443 2443 1498 2531 ad
1531 2443 1634 2530 San·

304 2584 503 2676 levinum
535 2619 731 2682 montem
761 2589 889 2684 castra
929 2589 1176 2713 posuerant,
1219 2619 1320 2680 cum
1364 2586 1451 2678 suas
1497 2588 1642 2701 copias¹

300 2731 544 2822 eduxerunt
574 2735 843 2844 Florentini,
875 2765 1026 2826 manus
1056 2730 1271 2826 conserere
1302 2740 1341 2822 &
1373 2731 1473 2821 belli
1505 2727 1645 2834 forto,

301 2901 399 2964 nam
445 2899 609 2964 tentare
650 2877 812 2992 parati·
843 2879 1060 2988 Qotidie
1098 2879 1329 2968 levioribus
1363 2872 1549 2992 praeliis.
1572 2869 1644 2958 de*

300 3017 570 3113 certabaru'r;
599 3017 738 3131 plures
768 3019 922 3128 etiam,
954 3026 1028 3136 qui
1058 3025 1271 3142 lignatum
1307 3019 1644 3139 pabulatumque.

298 3187 375 3276 per
409 3187 532 3274 agros
562 3155 706 3273 dilapsi
745 3189 889 3272 erant,
929 3167 975 3256 in
1003 3163 1250 3282 potestatem
1293 3159 1536 3252 nostrorum
1567 3186 1641 3262 ves

299 3327 490 3399 nerunt;
520 3305 560 3388 δι
589 3301 705 3416 quod
738 3301 893 3416 jaslura
936 3308 1131 3394 militum
1162 3333 1250 3394 erat
1293 3299 1476 3394 hostibus
1508 3297 1643 3406 mole·

229 3485 231 3492 ¹
300 3438 385 3550 sta,
416 3443 553 3558 deque
585 3447 878 3564 oppugnando
907 3451 1061 3540 Aretio
1093 3449 1159 3537 illi
1190 3444 1486 3563 desperabant,
1509 3437 1644 3554 quod

298 3609 434 3698 quea
470 3612 515 3676 re
552 3582 830 3682 frumentaria
861 3591 1139 3696 laborabant,
1174 3591 1334 3680 &loci
1367 3586 1643 3700 iniquitatem

205 3795 208 3802 .
300 3725 547 3833 timebant,
588 3729 783 3820 inducias
827 3737 1069 3849 petierunt.
1113 3730 1433 3827 Conceduntur
1473 3747 1642 3842 praeter.

299 3871 500 3958 omnium
542 3859 879 3986 expectationem
924 3875 977 3962 ab
1006 3875 1201 3969 Hercule
1244 3868 1443 3963 Atestino
1483 3869 1640 3968 Duce,

298 4037 381 4126 qua
412 4013 533 4118 inre
562 4007 708 4101 secum
738 4015 881 4108 aslum
910 4013 1144 4109 infideliter
1167 4011 1286 4106 fuisse
1311 4009 1547 4100 Florentini
1576 4009 1640 4092 in-

298 4151 574 4242 tellexerunt.
607 4149 694 4269 lpse
723 4155 884 4248 interea
914 4155 1145 4249 Ferrariam
1179 4155 1335 4260 rediit,
1372 4149 1546 4262 ejusque
1577 4142 1641 4264 diff.

299 4281 429 4384 scellu
460 4288 592 4400 (erat
631 4294 749 4382 enim
779 4325 912 4388 manu
942 4295 1067 4388 fortis
1096 4303 1136 4382 &
1156 4290 1246 4383 usu
1277 4287 1466 4407 peritus)
1495 4281 1640 4374 alacri·

299 4423 481 4539 tarsilla,
512 4461 619 4549 quae
641 4431 778 4532 studio
809 4467 979 4558 pugnae
1006 4433 1175 4546 nostros¹
1199 4431 1477 4544 incendebat,
1497 4421 1640 4552 pbiilse
