4472 5858
622 519 711 602 ¹92
834 491 1320 583 niernum
1380 495 1747 591 Munrorr

592 706 753 830 leviroa
771 709 911 799 exules
937 707 982 796 in
1001 709 1208 818 civitate,
1225 715 1270 802 in
1289 742 1415 830 quam
1448 713 1489 807 se
1519 739 1790 834 receperant,
1820 735 1955 803 conr·-

595 855 757 942 morati
801 879 1040 970 pateretur,
1082 851 1251 970 suisque
1279 857 1436 971 opibus
1465 886 1514 946 ac
1546 860 1688 948 nervis
1731 845 1787 946 ad
1819 875 1940 946 com-

589 1023 776 1086 munem
796 991 1091 1103 defensionem
1109 993 1323 1102 uteretur.
1351 977 1463 1090 Non
1491 1023 1713 1118 propterea-
1737 995 1947 1090 Sfortiani

590 1130 707 1228 sese
747 1137 986 1248 deseruere,
1012 1137 1082 1230 sed
1113 1141 1291 1232 colletla·
1320 1175 1451 1234 manu
1482 1175 1662 1252 eorum,
1694 1143 1770 1260 qui
1801 1141 1946 1230 Ador-

589 1283 662 1372 nii
697 1287 889 1400 partibus
922 1283 1150 1393 favebant,
1181 1287 1475 1404 aliorumque,
1507 1290 1582 1402 qui
1613 1313 1693 1377 aut
1718 1313 1812 1376 aere
1843 1285 1945 1374 alie·

599 1455 685 1535 no,
717 1453 792 1517 tut
824 1429 1122 1548 magnitudine
1155 1431 1451 1536 tributorum,
1482 1423 1557 1520 aut
1597 1430 1752 1542 injuria
1788 1453 1937 1546 poten·

595 1573 764 1660 tiorum
809 1571 1144 1687 premebantur,
1190 1601 1293 1660 cunr
1336 1571 1527 1688 primum
1571 1567 1851 1662 consedissent
1894 1570 1944 1659 in

599 1703 790 1830 ‘Apum
820 1714 1071 1822 Provincia,
1109 1707 1402 1828 instigantibus
1434 1714 1618 1803 maxime
1651 1710 1868 1804 Pontifice·
1899 1717 1942 1801 dr

590 1853 991 1974 Neapolitanorum
1010 1859 1159 1974 Rege,
1190 1851 1423 1974 improviso
1442 1851 1590 1973 agrum
1611 1853 1810 1946 Pisanum
1841 1855 1940 1946 ado

594 2003 794 2108 riuntnr,
824 2023 876 2087 ut
907 1997 1029 2088 nullo
1073 2001 1294 2089 obnitente
1314 2000 1397 2107 5'&
1440 1997 1768 2119 inspeslantibus
1809 2001 1937 2087 etiam

596 2141 829 2250 militibus,
859 2143 934 2256 qui
970 2167 1089 2230 erant
1118 2143 1166 2228 in
1203 2137 1380 2234 statione
1421 2144 1475 2233 ad
1512 2169 1685 2262 portas,
1729 2137 1940 2231 hostiliter

597 2283 651 2368 ad
680 2283 831 2368 urbem
873 2280 1003 2398 usque
1044 2287 1339 2398 pervenerim.
1371 2281 1457 2372 Etsi
1490 2285 1841 2376 Florentinorum
1870 2310 1941 2372 ex·

591 2419 752 2514 'arcitus
784 2425 930 2512 aberat·
965 2423 1021 2510 ab
1053 2423 1118 2512 his
1153 2425 1432 2542 regionibus,
1466 2436 1573 2517 &a
1613 2427 1763 2541 majori
1797 2455 1840 2514 re
1878 2424 1942 2513 di-

591 2561 855 2674 ¹slinebatur,
896 2566 1153 2656 [laurentius
1190 2567 1333 2655 tamen·
1383 2568 1524 2684 aliqua
1565 2573 1729 2660 ratione
1771 2565 1938 2657 succur-

579 2707 780 2800 rendum
810 2705 967 2799 Pisanis
1001 2709 1205 2826 putavit,
1238 2710 1381 2826 ltaque
1413 2741 1505 2802 non:
1533 2718 1592 2800 ira
1623 2741 1775 2829 magna
1806 2737 1943 2798 manu·

561 2852 790 2982 ‘celeriter
825 2855 998 2962 coasta,
1030 2849 1222 2942 hunred
1268 2881 1418 2941 eorum
1462 2848 1637 2942 salutem
1680 2853 1941 2958 convert-it,

598 2992 860 3102 existimans,
900 2994 945 3083 id
985 2995 1102 3111 qood
1144 2994 1328 3103 accidit,
1377 2991 1614 3084 Sfo'rtirnos
1657 2994 1748 3108 jam·
1784 2991 1941 3112 praede«

599 3135 770 3231 onustos
802 3167 995 3256 pugnam
1024 3135 1323 3248 recusaturos,
1351 3145 1395 3228 sc
1433 3137 1486 3226 ad
1519 3141 1735 3254 Apuanos*
1769 3135 1939 3226 reditu·-

598 3313 696 3374 ros.
732 3279 827 3371 Post
870 3281 972 3368 haec
1014 3279 1173 3368 Mauro
1213 3277 1314 3391 (ita
1342 3281 1604 3372 liudovicus·¹
1630 3281 1688 3370 ob
1730 3267 1929 3369 colorem¹

598 3421 863 3536 vastumque,
892 3422 1114 3536 ingenium
1154 3422 1439 3537 appellabatur
1461 3425 1487 3537 )⁸
1525 3425 1659 3512 uires·
1681 3419 1941 3526 adolevere,

596 3570 639 3653 dr
670 3561 859 3680 prospera
889 3560 994 3650 usus.
1018 3560 1191 3650 fortuna
1224 3565 1369 3652 vietor·
1402 3595 1524 3656 anno:
1562 3563 1833 3683 insequenti,
1859 3565 1939 3678 qui¹¹

599 3729 688 3794 erat
729 3731 996 3792 mcccuuxxm.
1034 3706 1334 3794 Mediolanum
1373 3703 1573 3821 ingressus
1614 3703 1670 3796 est
1690 3775 1707 3795 ..
1731 3703 1808 3796 'Ejr
1849 3706 1933 3794 hoc

599 3867 792 3962 tempore
820 3873 966 3934 rerum
991 3851 1192 3936 omnium
1224 3843 1613 3937 Mediolanensem
1637 3847 1866 3940 nansadlor
1892 3855 1934 3936 dt

597 3983 910 4080 administrator
952 3983 1074 4094 suit,
1113 3992 1315 4104 quamuis:
1354 3985 1401 4078 se
1442 3993 1567 4106 pueri.
1617 4017 1844 4100 tutorem,
1892 3995 1936 4079 ἃ

596 4135 758 4224 alienae
804 4130 1116 4218 dominationis
1160 4132 1368 4219 vicarium
1422 4133 1612 4224 dicerer.
1655 4135 1867 4224 Exoratus
1908 4159 1935 4218 a

592 4271 829 4364 ¹Laurentio
865 4307 918 4364 ne
955 4297 1095 4367 ortam
1125 4273 1185 4362 ab·=
1208 4273 1298 4361 avis
1328 4268 1568 4365 Ssottianor
1609 4278 1721 4364 inter
1760 4283 1801 4364 δὲ
1837 4275 1932 4362 Me—

593 4413 754 4510 diceoa.
780 4419 1021 4512 antieitiam
1052 4413 1334 4536 maximisque
1377 4414 1542 4540 semper
1572 4421 1744 4510 cumam
1769 4413 1940 4510 officio
2061 4482 2068 4514 ‚
