<?xml version="1.0" encoding="UTF-8"?>
<!DOCTYPE html PUBLIC "-//W3C//DTD XHTML 1.0 Transitional//EN"
    "http://www.w3.org/TR/xhtml1/DTD/xhtml1-transitional.dtd">
<html xmlns="http://www.w3.org/1999/xhtml" xml:lang="en" lang="en">
 <head>
  <title>
</title>
<meta http-equiv="Content-Type" content="text/html;charset=utf-8" />
  <meta name='ocr-system' content='tesseract 3.04.00' />
  <meta name='ocr-capabilities' content='ocr_page ocr_carea ocr_par ocr_line ocrx_word'/>
</head>
<body>
  <div class='ocr_page' id='page_1' title='image "./laurentiimedici00fabrgoog_0070.png"; bbox 0 0 4492 5860; ppageno 0'>
   <div class='ocr_carea' id='block_1_1' title="bbox 569 463 1606 583">
    <p class='ocr_par' dir='ltr' id='par_1_1' title="bbox 522 463 1606 583">
     <span class='ocr_line' id='line_1_1' title="bbox 569 463 1606 583; baseline 0.001 -21.957"><span class='ocrx_word' id='word_1_1' title='bbox 569 463 1041 564; x_wconf 65' lang='lat' dir='ltr'><em>Mic-urerer</em></span> <span class='ocrx_word' id='word_1_2' title='bbox 1098 463 1312 562; x_wconf 77' lang='lat' dir='ltr'><em>Vtrn</em></span> <span class='ocrx_word' id='word_1_3' title='bbox 1552 497 1606 583; x_wconf 69' lang='grc' dir='ltr'><em>ς]</em></span> 
     </span>
    </p>
   </div>
   <div class='ocr_carea' id='block_1_2' title="bbox 209 669 1766 4378">
    <p class='ocr_par' dir='ltr' id='par_1_2' title="bbox 273 669 1706 2382">
     <span class='ocr_line' id='line_1_2' title="bbox 273 669 1666 814; baseline -0.004 -30"><span class='ocrx_word' id='word_1_4' title='bbox 273 669 277 676; x_wconf 53' lang='grc'><strong>’</strong></span> <span class='ocrx_word' id='word_1_5' title='bbox 323 683 551 784; x_wconf 82' lang='lat' dir='ltr'><em>industriae</em></span> <span class='ocrx_word' id='word_1_6' title='bbox 598 683 719 782; x_wconf 74' lang='lat' dir='ltr'><em>suae</em></span> <span class='ocrx_word' id='word_1_7' title='bbox 746 681 920 802; x_wconf 76' lang='lat' dir='ltr'><em>favere,</em></span> <span class='ocrx_word' id='word_1_8' title='bbox 965 688 1228 814; x_wconf 66' lang='lat' dir='ltr'>corrigendis</span> <span class='ocrx_word' id='word_1_9' title='bbox 1276 685 1454 780; x_wconf 81' lang='lat' dir='ltr'><em>Graecis</em></span> <span class='ocrx_word' id='word_1_10' title='bbox 1502 687 1666 780; x_wconf 58' lang='lat' dir='ltr'><em>codici*</em></span> 
     </span>
     <span class='ocr_line' id='line_1_3' title="bbox 315 826 1706 956; baseline -0.001 -30"><span class='ocrx_word' id='word_1_11' title='bbox 315 831 429 944; x_wconf 80' lang='lat' dir='ltr'><em>bus,</em></span> <span class='ocrx_word' id='word_1_12' title='bbox 465 841 507 928; x_wconf 80' lang='lat' dir='ltr'><em>da</em></span> <span class='ocrx_word' id='word_1_13' title='bbox 538 833 631 926; x_wconf 76' lang='lat' dir='ltr'><em>eliis</em></span> <span class='ocrx_word' id='word_1_14' title='bbox 661 826 1076 956; x_wconf 72' lang='lat' dir='ltr'><em>interpretetionibus</em></span> <span class='ocrx_word' id='word_1_15' title='bbox 1119 828 1400 924; x_wconf 89' lang='lat' dir='ltr'><em>conficiendis</em></span> <span class='ocrx_word' id='word_1_16' title='bbox 1447 861 1537 921; x_wconf 90' lang='lat' dir='ltr'><em>non</em></span> <span class='ocrx_word' id='word_1_17' title='bbox 1576 863 1664 924; x_wconf 87' lang='lat' dir='ltr'><em>me·</em></span> <span class='ocrx_word' id='word_1_18' title='bbox 1703 875 1706 882; x_wconf 52' lang='lat'>²</span> 
     </span>
     <span class='ocr_line' id='line_1_4' title="bbox 316 963 1663 1098; baseline -0.004 -30"><span class='ocrx_word' id='word_1_19' title='bbox 316 974 512 1070; x_wconf 85' lang='lat' dir='ltr'><em>diocrem</em></span> <span class='ocrx_word' id='word_1_20' title='bbox 540 1007 716 1098; x_wconf 76' lang='lat' dir='ltr'><em>operam</em></span> <span class='ocrx_word' id='word_1_21' title='bbox 746 975 895 1073; x_wconf 78' lang='lat' dir='ltr'><em>debet.</em></span> <span class='ocrx_word' id='word_1_22' title='bbox 928 963 1190 1098; x_wconf 79' lang='lat' dir='ltr'><em>quuam</em></span> <span class='ocrx_word' id='word_1_23' title='bbox 1230 975 1272 1070; x_wconf 87' lang='lat' dir='ltr'><em>se</em></span> <span class='ocrx_word' id='word_1_24' title='bbox 1302 977 1541 1096; x_wconf 87' lang='lat' dir='ltr'><em>plurimum</em></span> <span class='ocrx_word' id='word_1_25' title='bbox 1574 1002 1663 1092; x_wconf 83' lang='lat' dir='ltr'><em>gra·</em></span> 
     </span>
     <span class='ocr_line' id='line_1_5' title="bbox 316 1115 1665 1244; baseline -0.007 -28"><span class='ocrx_word' id='word_1_26' title='bbox 316 1121 445 1216; x_wconf 79' lang='lat' dir='ltr'><em>trieri</em></span> <span class='ocrx_word' id='word_1_27' title='bbox 487 1119 745 1214; x_wconf 84' lang='lat' dir='ltr'><strong>Florentinis</strong></span> <span class='ocrx_word' id='word_1_28' title='bbox 777 1119 951 1236; x_wconf 74' lang='lat' dir='ltr'><em>ajebat,</em></span> <span class='ocrx_word' id='word_1_29' title='bbox 997 1125 1115 1244; x_wconf 86' lang='lat' dir='ltr'><em>quod</em></span> <span class='ocrx_word' id='word_1_30' title='bbox 1156 1115 1308 1216; x_wconf 89' lang='lat' dir='ltr'><em>Cosmi</em></span> <span class='ocrx_word' id='word_1_31' title='bbox 1353 1127 1401 1210; x_wconf 88' lang='lat'><em>&amp;-</em></span> <span class='ocrx_word' id='word_1_32' title='bbox 1441 1117 1665 1208; x_wconf 85' lang='lat' dir='ltr'><em>Laurentii</em></span> 
     </span>
     <span class='ocr_line' id='line_1_6' title="bbox 316 1259 1657 1375; baseline -0.007 -19"><span class='ocrx_word' id='word_1_33' title='bbox 316 1261 618 1356; x_wconf 86' lang='lat' dir='ltr'><em>Mediceornm</em></span> <span class='ocrx_word' id='word_1_34' title='bbox 658 1259 816 1358; x_wconf 84' lang='lat' dir='ltr'><em>studiis·</em></span> <span class='ocrx_word' id='word_1_35' title='bbox 838 1261 997 1356; x_wconf 73' lang='lat' dir='ltr'><em>fanum</em></span> <span class='ocrx_word' id='word_1_36' title='bbox 1033 1261 1161 1375; x_wconf 80' lang='lat' dir='ltr'><em>effet,</em></span> <span class='ocrx_word' id='word_1_37' title='bbox 1194 1291 1247 1358; x_wconf 88' lang='lat' dir='ltr'><em>ut</em></span> <span class='ocrx_word' id='word_1_38' title='bbox 1287 1267 1334 1356; x_wconf 91' lang='lat' dir='ltr'><em>in</em></span> <span class='ocrx_word' id='word_1_39' title='bbox 1374 1285 1525 1354; x_wconf 89' lang='lat' dir='ltr'><em>eorum</em></span> <span class='ocrx_word' id='word_1_40' title='bbox 1555 1260 1657 1350; x_wconf 86' lang='lat' dir='ltr'><em>civi·</em></span> 
     </span>
     <span class='ocr_line' id='line_1_7' title="bbox 313 1405 1679 1530; baseline -0.007 -30"><span class='ocrx_word' id='word_1_41' title='bbox 313 1427 405 1500; x_wconf 85' lang='lat' dir='ltr'><em>tate</em></span> <span class='ocrx_word' id='word_1_42' title='bbox 433 1409 594 1497; x_wconf 80' lang='lat' dir='ltr'><em>Graeca</em></span> <span class='ocrx_word' id='word_1_43' title='bbox 621 1409 749 1498; x_wconf 84' lang='lat' dir='ltr'><em>omnis</em></span> <span class='ocrx_word' id='word_1_44' title='bbox 785 1406 968 1502; x_wconf 82' lang='lat' dir='ltr'><em>&#39;eruditio</em></span> <span class='ocrx_word' id='word_1_45' title='bbox 988 1407 1243 1530; x_wconf 74' lang='lat' dir='ltr'><em>jampridem</em></span> <span class='ocrx_word' id='word_1_46' title='bbox 1282 1409 1329 1498; x_wconf 90' lang='lat' dir='ltr'><em>in</em></span> <span class='ocrx_word' id='word_1_47' title='bbox 1357 1405 1445 1526; x_wconf 80' lang='lat' dir='ltr'><em>ipfit</em></span> <span class='ocrx_word' id='word_1_48' title='bbox 1484 1405 1679 1494; x_wconf 85' lang='lat' dir='ltr'><em>Graecia</em></span> 
     </span>
     <span class='ocr_line' id='line_1_8' title="bbox 313 1545 1658 1670; baseline -0.001 -30"><span class='ocrx_word' id='word_1_49' title='bbox 313 1547 500 1642; x_wconf 79' lang='lat' dir='ltr'><em>extiuiia</em></span> <span class='ocrx_word' id='word_1_50' title='bbox 515 1545 592 1670; x_wconf 61' lang='lat' dir='ltr'><em>fic⁴</em></span> <span class='ocrx_word' id='word_1_51' title='bbox 607 1552 816 1644; x_wconf 71' lang='lat' dir='ltr'><em>revixerit</em></span> <span class='ocrx_word' id='word_1_52' title='bbox 856 1577 983 1670; x_wconf 87' lang='lat' dir='ltr'><em>atque</em></span> <span class='ocrx_word' id='word_1_53' title='bbox 1012 1549 1280 1669; x_wconf 84' lang='lat' dir='ltr'><em>effloruerit,</em></span> <span class='ocrx_word' id='word_1_54' title='bbox 1320 1573 1369 1654; x_wconf 84' lang='lat' dir='ltr'><em>at</em></span> <span class='ocrx_word' id='word_1_55' title='bbox 1409 1551 1441 1640; x_wconf 89' lang='lat' dir='ltr'><em>ii</em></span> <span class='ocrx_word' id='word_1_56' title='bbox 1480 1545 1658 1638; x_wconf 88' lang='lat' dir='ltr'><em>homiues</em></span> 
     </span>
     <span class='ocr_line' id='line_1_9' title="bbox 311 1689 1657 1814; baseline -0.001 -33"><span class='ocrx_word' id='word_1_57' title='bbox 311 1695 515 1784; x_wconf 85' lang='lat' dir='ltr'><em>Graecam</em></span> <span class='ocrx_word' id='word_1_58' title='bbox 546 1693 711 1813; x_wconf 83' lang='lat' dir='ltr'><em>publice</em></span> <span class='ocrx_word' id='word_1_59' title='bbox 736 1697 1020 1788; x_wconf 70' lang='lat' dir='ltr'><em>litteraturam</em></span> <span class='ocrx_word' id='word_1_60' title='bbox 1055 1693 1361 1814; x_wconf 85' lang='lat' dir='ltr'><em>profiteantur,</em></span> <span class='ocrx_word' id='word_1_61' title='bbox 1403 1689 1461 1798; x_wconf 69' lang='lat' dir='ltr'><em>dr</em></span> <span class='ocrx_word' id='word_1_62' title='bbox 1492 1695 1657 1812; x_wconf 85' lang='lat' dir='ltr'><em>primae</em></span> 
     </span>
     <span class='ocr_line' id='line_1_10' title="bbox 312 1835 1656 1958; baseline -0.001 -32"><span class='ocrx_word' id='word_1_63' title='bbox 312 1835 532 1927; x_wconf 78' lang='lat' dir='ltr'><em>nobilitatis</em></span> <span class='ocrx_word' id='word_1_64' title='bbox 553 1841 703 1952; x_wconf 82' lang='lat' dir='ltr'><em>pueri,</em></span> <span class='ocrx_word' id='word_1_65' title='bbox 725 1837 774 1928; x_wconf 89' lang='lat' dir='ltr'><em>id</em></span> <span class='ocrx_word' id='word_1_66' title='bbox 799 1837 910 1958; x_wconf 84' lang='lat' dir='ltr'><em>quod</em></span> <span class='ocrx_word' id='word_1_67' title='bbox 935 1840 1046 1929; x_wconf 82' lang='lat' dir='ltr'><em>uaille</em></span> <span class='ocrx_word' id='word_1_68' title='bbox 1075 1839 1306 1928; x_wconf 84' lang='lat' dir='ltr'><em>retroauuis</em></span> <span class='ocrx_word' id='word_1_69' title='bbox 1336 1837 1383 1924; x_wconf 87' lang='lat' dir='ltr'><em>iu</em></span> <span class='ocrx_word' id='word_1_70' title='bbox 1414 1839 1539 1926; x_wconf 86' lang='lat' dir='ltr'><em>Italia</em></span> <span class='ocrx_word' id='word_1_71' title='bbox 1567 1864 1656 1926; x_wconf 86' lang='lat' dir='ltr'><em>cou-</em></span> 
     </span>
     <span class='ocr_line' id='line_1_11' title="bbox 308 1959 1655 2097; baseline -0.003 -27"><span class='ocrx_word' id='word_1_72' title='bbox 308 1980 403 2096; x_wconf 81' lang='lat' dir='ltr'><em>tigit</em></span> <span class='ocrx_word' id='word_1_73' title='bbox 432 2006 656 2097; x_wconf 80' lang='lat' dir='ltr'><em>autequam,</em></span> <span class='ocrx_word' id='word_1_74' title='bbox 685 1981 748 2069; x_wconf 86' lang='lat' dir='ltr'><em>ita</em></span> <span class='ocrx_word' id='word_1_75' title='bbox 763 1975 926 2094; x_wconf 79' lang='lat' dir='ltr'><em>stercere</em></span> <span class='ocrx_word' id='word_1_76' title='bbox 954 1977 1092 2070; x_wconf 82' lang='lat' dir='ltr'><em>Attico</em></span> <span class='ocrx_word' id='word_1_77' title='bbox 1109 1975 1318 2094; x_wconf 81' lang='lat' dir='ltr'><em>scrutate,</em></span> <span class='ocrx_word' id='word_1_78' title='bbox 1341 1979 1403 2076; x_wconf 85' lang='lat' dir='ltr'><em>ita</em></span> <span class='ocrx_word' id='word_1_79' title='bbox 1419 1959 1552 2092; x_wconf 75' lang='lat' dir='ltr'><em>fietile</em></span> <span class='ocrx_word' id='word_1_80' title='bbox 1580 2003 1655 2066; x_wconf 87' lang='lat' dir='ltr'><em>ex·</em></span> 
     </span>
     <span class='ocr_line' id='line_1_12' title="bbox 299 2116 1651 2238; baseline -0.001 -30"><span class='ocrx_word' id='word_1_81' title='bbox 299 2119 525 2238; x_wconf 79' lang='lat' dir='ltr'><em>pedithue</em></span> <span class='ocrx_word' id='word_1_82' title='bbox 572 2125 816 2238; x_wconf 81' lang='lat' dir='ltr'><em>loquantur,</em></span> <span class='ocrx_word' id='word_1_83' title='bbox 857 2143 906 2211; x_wconf 89' lang='lat' dir='ltr'><em>ut</em></span> <span class='ocrx_word' id='word_1_84' title='bbox 951 2151 1029 2211; x_wconf 84' lang='lat' dir='ltr'><em>aaa</em></span> <span class='ocrx_word' id='word_1_85' title='bbox 1060 2117 1218 2210; x_wconf 79' lang='lat' dir='ltr'><em>deletae</em></span> <span class='ocrx_word' id='word_1_86' title='bbox 1244 2120 1336 2231; x_wconf 84' lang='lat' dir='ltr'><em>jam</em></span> <span class='ocrx_word' id='word_1_87' title='bbox 1365 2116 1556 2208; x_wconf 82' lang='lat' dir='ltr'><em>Athenae</em></span> <span class='ocrx_word' id='word_1_88' title='bbox 1587 2138 1651 2206; x_wconf 88' lang='lat' dir='ltr'><em>at·</em></span> 
     </span>
     <span class='ocr_line' id='line_1_13' title="bbox 308 2261 1654 2382; baseline -0.003 -30"><span class='ocrx_word' id='word_1_89' title='bbox 308 2289 391 2382; x_wconf 82' lang='lat' dir='ltr'><em>que</em></span> <span class='ocrx_word' id='word_1_90' title='bbox 420 2289 448 2348; x_wconf 91' lang='lat' dir='ltr'><em>a</em></span> <span class='ocrx_word' id='word_1_91' title='bbox 482 2261 682 2352; x_wconf 79' lang='lat' dir='ltr'><em>Barbarie</em></span> <span class='ocrx_word' id='word_1_92' title='bbox 721 2281 966 2379; x_wconf 79' lang='lat' dir='ltr'><em>occupatae,</em></span> <span class='ocrx_word' id='word_1_93' title='bbox 1000 2261 1084 2380; x_wconf 81' lang='lat' dir='ltr'><em>fied</em></span> <span class='ocrx_word' id='word_1_94' title='bbox 1121 2263 1228 2382; x_wconf 81' lang='lat' dir='ltr'><em>ipfiee</em></span> <span class='ocrx_word' id='word_1_95' title='bbox 1258 2261 1343 2380; x_wconf 76' lang='lat' dir='ltr'><em>fita</em></span> <span class='ocrx_word' id='word_1_96' title='bbox 1372 2261 1518 2378; x_wconf 78' lang='lat' dir='ltr'><em>sponte</em></span> <span class='ocrx_word' id='word_1_97' title='bbox 1564 2286 1654 2348; x_wconf 88' lang='lat' dir='ltr'><em>cum</em></span> 
     </span>
    </p>

    <p class='ocr_par' dir='ltr' id='par_1_3' title="bbox 209 2393 1766 4378">
     <span class='ocr_line' id='line_1_14' title="bbox 209 2393 1652 2527; baseline 0.001 -35"><span class='ocrx_word' id='word_1_98' title='bbox 209 2445 213 2457; x_wconf 59' lang='lat'><strong><em>¹</em></strong></span> <span class='ocrx_word' id='word_1_99' title='bbox 296 2393 465 2524; x_wconf 78' lang='lat' dir='ltr'><em>proprio</em></span> <span class='ocrx_word' id='word_1_100' title='bbox 492 2402 661 2527; x_wconf 79' lang='lat' dir='ltr'><em>auulsae</em></span> <span class='ocrx_word' id='word_1_101' title='bbox 671 2401 782 2523; x_wconf 87' lang='lat' dir='ltr'><em>solo,</em></span> <span class='ocrx_word' id='word_1_102' title='bbox 799 2433 969 2525; x_wconf 60' lang='lat' dir='ltr'><em>carruae</em></span> <span class='ocrx_word' id='word_1_103' title='bbox 996 2407 1102 2496; x_wconf 86' lang='lat' dir='ltr'><em>ootai</em></span> <span class='ocrx_word' id='word_1_104' title='bbox 1120 2405 1204 2523; x_wconf 80' lang='lat' dir='ltr'><em>stoa</em></span> <span class='ocrx_word' id='word_1_105' title='bbox 1223 2401 1477 2522; x_wconf 74' lang='lat' dir='ltr'><em>stapellectile</em></span> <span class='ocrx_word' id='word_1_106' title='bbox 1505 2404 1550 2490; x_wconf 88' lang='lat' dir='ltr'><em>in</em></span> <span class='ocrx_word' id='word_1_107' title='bbox 1570 2403 1652 2493; x_wconf 86' lang='lat' dir='ltr'><em>Fla·</em></span> 
     </span>
     <span class='ocr_line' id='line_1_15' title="bbox 305 2543 1653 2671; baseline -0.001 -36"><span class='ocrx_word' id='word_1_108' title='bbox 305 2551 513 2640; x_wconf 86' lang='lat' dir='ltr'><em>reatinam</em></span> <span class='ocrx_word' id='word_1_109' title='bbox 551 2546 691 2638; x_wconf 85' lang='lat' dir='ltr'><em>urbem</em></span> <span class='ocrx_word' id='word_1_110' title='bbox 733 2547 998 2671; x_wconf 77' lang='lat' dir='ltr'><em>immigraſje,</em></span> <span class='ocrx_word' id='word_1_111' title='bbox 1041 2550 1160 2666; x_wconf 87' lang='lat' dir='ltr'><em>eique</em></span> <span class='ocrx_word' id='word_1_112' title='bbox 1193 2545 1245 2667; x_wconf 75' lang='lat' dir='ltr'><em>ste</em></span> <span class='ocrx_word' id='word_1_113' title='bbox 1274 2569 1381 2639; x_wconf 89' lang='lat' dir='ltr'><em>totas</em></span> <span class='ocrx_word' id='word_1_114' title='bbox 1404 2543 1653 2668; x_wconf 84' lang='lat' dir='ltr'><em>penitusque</em></span> 
     </span>
     <span class='ocr_line' id='line_1_16' title="bbox 304 2679 1650 2810; baseline -0.003 -28"><span class='ocrx_word' id='word_1_115' title='bbox 304 2681 495 2810; x_wconf 73' lang='lat' dir='ltr'><em>infudiffe</em></span> <span class='ocrx_word' id='word_1_116' title='bbox 524 2691 752 2784; x_wconf 79' lang='lat' dir='ltr'><em>uideantur</em></span> <span class='ocrx_word' id='word_1_117' title='bbox 779 2693 826 2808; x_wconf 89' lang='lat'><em>(6</em></span> <span class='ocrx_word' id='word_1_118' title='bbox 834 2679 904 2810; x_wconf 71' lang='lat'><em>3).</em></span> <span class='ocrx_word' id='word_1_119' title='bbox 934 2692 1059 2804; x_wconf 80' lang='lat' dir='ltr'><em>Que</em></span> <span class='ocrx_word' id='word_1_120' title='bbox 1087 2690 1208 2784; x_wconf 73' lang='lat' dir='ltr'><em>beuta</em></span> <span class='ocrx_word' id='word_1_121' title='bbox 1237 2717 1430 2809; x_wconf 79' lang='lat' dir='ltr'><em>tempore</em></span> <span class='ocrx_word' id='word_1_122' title='bbox 1459 2689 1566 2778; x_wconf 90' lang='lat' dir='ltr'><em>dum</em></span> <span class='ocrx_word' id='word_1_123' title='bbox 1586 2717 1650 2778; x_wconf 89' lang='lat' dir='ltr'><em>re·</em></span> 
     </span>
     <span class='ocr_line' id='line_1_17' title="bbox 305 2829 1649 2954; baseline -0.001 -31"><span class='ocrx_word' id='word_1_124' title='bbox 305 2829 562 2944; x_wconf 81' lang='lat' dir='ltr'><em>eordamur,</em></span> <span class='ocrx_word' id='word_1_125' title='bbox 599 2831 840 2928; x_wconf 87' lang='lat' dir='ltr'><em>nostrorum</em></span> <span class='ocrx_word' id='word_1_126' title='bbox 871 2867 925 2927; x_wconf 89' lang='lat' dir='ltr'><em>eo</em></span> <span class='ocrx_word' id='word_1_127' title='bbox 956 2838 1090 2954; x_wconf 82' lang='lat' dir='ltr'><em>me&#39;gis</em></span> <span class='ocrx_word' id='word_1_128' title='bbox 1119 2837 1237 2952; x_wconf 86' lang='lat' dir='ltr'><em>piget</em></span> <span class='ocrx_word' id='word_1_129' title='bbox 1263 2833 1510 2950; x_wconf 78' lang='lat' dir='ltr'><em>taedetque,</em></span> <span class='ocrx_word' id='word_1_130' title='bbox 1553 2834 1649 2950; x_wconf 88' lang='lat' dir='ltr'><em>qui-</em></span> 
     </span>
     <span class='ocr_line' id='line_1_18' title="bbox 305 2961 1646 3098; baseline -0.001 -30"><span class='ocrx_word' id='word_1_131' title='bbox 305 2971 387 3068; x_wconf 87' lang='lat' dir='ltr'><em>bus</em></span> <span class='ocrx_word' id='word_1_132' title='bbox 425 2978 496 3069; x_wconf 88' lang='lat' dir='ltr'><em>vel</em></span> <span class='ocrx_word' id='word_1_133' title='bbox 542 2973 620 3068; x_wconf 89' lang='lat' dir='ltr'><em>sub</em></span> <span class='ocrx_word' id='word_1_134' title='bbox 654 2979 826 3096; x_wconf 89' lang='lat' dir='ltr'><em>optimo</em></span> <span class='ocrx_word' id='word_1_135' title='bbox 855 2971 1053 3098; x_wconf 87' lang='lat' dir='ltr'><em>Principe</em></span> <span class='ocrx_word' id='word_1_136' title='bbox 1090 2979 1277 3098; x_wconf 88' lang='lat' dir='ltr'><em>plerique</em></span> <span class='ocrx_word' id='word_1_137' title='bbox 1320 2961 1553 3071; x_wconf 83' lang='lat' dir='ltr'><em>nobilium</em></span> <span class='ocrx_word' id='word_1_138' title='bbox 1576 2973 1646 3066; x_wconf 91' lang='lat' dir='ltr'><em>de·</em></span> 
     </span>
     <span class='ocr_line' id='line_1_19' title="bbox 305 3117 1644 3240; baseline -0.006 -30"><span class='ocrx_word' id='word_1_139' title='bbox 305 3117 392 3210; x_wconf 87' lang='lat' dir='ltr'><em>diti</em></span> <span class='ocrx_word' id='word_1_140' title='bbox 425 3123 618 3236; x_wconf 88' lang='lat' dir='ltr'><em>corporis</em></span> <span class='ocrx_word' id='word_1_141' title='bbox 652 3119 819 3238; x_wconf 82' lang='lat' dir='ltr'><em>gaudiis</em></span> <span class='ocrx_word' id='word_1_142' title='bbox 846 3149 920 3238; x_wconf 88' lang='lat' dir='ltr'><em>pet</em></span> <span class='ocrx_word' id='word_1_143' title='bbox 950 3122 1103 3210; x_wconf 71' lang='lat' dir='ltr'><em>lurum</em></span> <span class='ocrx_word' id='word_1_144' title='bbox 1133 3147 1260 3238; x_wconf 84' lang='lat' dir='ltr'><em>atque</em></span> <span class='ocrx_word' id='word_1_145' title='bbox 1288 3120 1505 3240; x_wconf 82' lang='lat' dir='ltr'><em>ignaviam</em></span> <span class='ocrx_word' id='word_1_146' title='bbox 1534 3139 1644 3203; x_wconf 83' lang='lat' dir='ltr'><em>aetu-</em></span> 
     </span>
     <span class='ocr_line' id='line_1_20' title="bbox 304 3239 1644 3381; baseline -0.008 -25"><span class='ocrx_word' id='word_1_147' title='bbox 304 3239 396 3356; x_wconf 75' lang='lat' dir='ltr'><em>tem</em></span> <span class='ocrx_word' id='word_1_148' title='bbox 425 3285 587 3378; x_wconf 83' lang='lat' dir='ltr'><em>agunt,</em></span> <span class='ocrx_word' id='word_1_149' title='bbox 611 3267 652 3351; x_wconf 72' lang='grc' dir='ltr'><em>δι</em></span> <span class='ocrx_word' id='word_1_150' title='bbox 669 3263 922 3379; x_wconf 86' lang='lat' dir='ltr'><em>ingenium,</em></span> <span class='ocrx_word' id='word_1_151' title='bbox 946 3291 1035 3381; x_wconf 91' lang='lat' dir='ltr'><em>quo</em></span> <span class='ocrx_word' id='word_1_152' title='bbox 1059 3289 1194 3378; x_wconf 88' lang='lat' dir='ltr'><em>neque</em></span> <span class='ocrx_word' id='word_1_153' title='bbox 1222 3261 1378 3352; x_wconf 89' lang='lat' dir='ltr'><em>melius</em></span> <span class='ocrx_word' id='word_1_154' title='bbox 1400 3287 1536 3377; x_wconf 89' lang='lat' dir='ltr'><em>neque</em></span> <span class='ocrx_word' id='word_1_155' title='bbox 1554 3285 1644 3347; x_wconf 82' lang='lat' dir='ltr'><em>am-</em></span> 
     </span>
     <span class='ocr_line' id='line_1_21' title="bbox 301 3399 1644 3525; baseline -0.003 -31"><span class='ocrx_word' id='word_1_156' title='bbox 301 3405 415 3522; x_wconf 88' lang='lat' dir='ltr'><em>plius</em></span> <span class='ocrx_word' id='word_1_157' title='bbox 456 3401 575 3491; x_wconf 82' lang='lat' dir='ltr'><em>aliud</em></span> <span class='ocrx_word' id='word_1_158' title='bbox 605 3403 653 3492; x_wconf 90' lang='lat' dir='ltr'><em>in</em></span> <span class='ocrx_word' id='word_1_159' title='bbox 693 3426 845 3494; x_wconf 81' lang='lat' dir='ltr'><em>natura</em></span> <span class='ocrx_word' id='word_1_160' title='bbox 885 3403 1136 3497; x_wconf 78' lang='lat' dir='ltr'><em>mortalium</em></span> <span class='ocrx_word' id='word_1_161' title='bbox 1179 3399 1259 3513; x_wconf 86' lang='lat' dir='ltr'><em>est,</em></span> <span class='ocrx_word' id='word_1_162' title='bbox 1287 3403 1459 3502; x_wconf 84' lang='lat' dir='ltr'><em>incultu</em></span> <span class='ocrx_word' id='word_1_163' title='bbox 1499 3407 1541 3491; x_wconf 82' lang='grc' dir='ltr'><em>δι</em></span> <span class='ocrx_word' id='word_1_164' title='bbox 1570 3429 1644 3525; x_wconf 63' lang='lat' dir='ltr'><em>ne·⁴</em></span> 
     </span>
     <span class='ocr_line' id='line_1_22' title="bbox 301 3537 1646 3663; baseline 0.004 -35"><span class='ocrx_word' id='word_1_165' title='bbox 301 3541 509 3660; x_wconf 81' lang='lat' dir='ltr'><em>gligentia¹</em></span> <span class='ocrx_word' id='word_1_166' title='bbox 553 3537 705 3634; x_wconf 85' lang='lat' dir='ltr'><em>misere</em></span> <span class='ocrx_word' id='word_1_167' title='bbox 751 3541 987 3663; x_wconf 84' lang='lat' dir='ltr'><em>torpescere</em></span> <span class='ocrx_word' id='word_1_168' title='bbox 1033 3545 1206 3638; x_wconf 83' lang='lat' dir='ltr'><em>finunt.</em></span> <span class='ocrx_word' id='word_1_169' title='bbox 1253 3547 1369 3662; x_wconf 81' lang='lat' dir='ltr'><em>Qis</em></span> <span class='ocrx_word' id='word_1_170' title='bbox 1408 3573 1512 3636; x_wconf 88' lang='lat' dir='ltr'><em>vero</em></span> <span class='ocrx_word' id='word_1_171' title='bbox 1552 3571 1646 3634; x_wconf 91' lang='lat' dir='ltr'><em>non</em></span> 
     </span>
     <span class='ocr_line' id='line_1_23' title="bbox 299 3684 1766 3809; baseline 0.003 -38"><span class='ocrx_word' id='word_1_172' title='bbox 299 3684 622 3778; x_wconf 87' lang='lat' dir='ltr'><em>commendabit</em></span> <span class='ocrx_word' id='word_1_173' title='bbox 670 3687 963 3798; x_wconf 86' lang='lat' dir='ltr'><em>Politianum,</em></span> <span class='ocrx_word' id='word_1_174' title='bbox 998 3692 1116 3809; x_wconf 90' lang='lat' dir='ltr'><em>quod</em></span> <span class='ocrx_word' id='word_1_175' title='bbox 1167 3694 1314 3782; x_wconf 81' lang='lat' dir='ltr'><em>omnia</em></span> <span class='ocrx_word' id='word_1_176' title='bbox 1356 3688 1491 3783; x_wconf 82' lang='lat' dir='ltr'><em>studia</em></span> <span class='ocrx_word' id='word_1_177' title='bbox 1536 3686 1640 3798; x_wconf 81' lang='lat' dir='ltr'><em>sua,</em></span> <span class='ocrx_word' id='word_1_178' title='bbox 1702 3689 1705 3698; x_wconf 80' lang='lat'>&#39;</span> <span class='ocrx_word' id='word_1_179' title='bbox 1764 3789 1766 3800; x_wconf 15' lang='grc' dir='ltr'><strong>Α</strong></span> 
     </span>
     <span class='ocr_line' id='line_1_24' title="bbox 300 3827 1639 3956; baseline 0.004 -40"><span class='ocrx_word' id='word_1_180' title='bbox 300 3837 453 3917; x_wconf 86' lang='lat' dir='ltr'><em>omnes</em></span> <span class='ocrx_word' id='word_1_181' title='bbox 482 3827 648 3946; x_wconf 83' lang='lat' dir='ltr'><em>vigilias</em></span> <span class='ocrx_word' id='word_1_182' title='bbox 676 3827 911 3925; x_wconf 86' lang='lat' dir='ltr'><em>Laurentio</em></span> <span class='ocrx_word' id='word_1_183' title='bbox 941 3831 1223 3946; x_wconf 85' lang='lat' dir='ltr'><em>dedicaverit,</em></span> <span class='ocrx_word' id='word_1_184' title='bbox 1247 3835 1494 3956; x_wconf 82' lang='lat' dir='ltr'><em>nullamque</em></span> <span class='ocrx_word' id='word_1_185' title='bbox 1522 3859 1639 3948; x_wconf 84' lang='lat' dir='ltr'><em>prae·</em></span> 
     </span>
     <span class='ocr_line' id='line_1_25' title="bbox 298 3965 1638 4097; baseline 0.005 -39"><span class='ocrx_word' id='word_1_186' title='bbox 298 3965 528 4060; x_wconf 85' lang='lat' dir='ltr'><em>termiserit</em></span> <span class='ocrx_word' id='word_1_187' title='bbox 556 3970 825 4066; x_wconf 82' lang='lat' dir='ltr'><em>occofionem</em></span> <span class='ocrx_word' id='word_1_188' title='bbox 854 4004 937 4094; x_wconf 83' lang='lat' dir='ltr'><em>qua</em></span> <span class='ocrx_word' id='word_1_189' title='bbox 967 4007 1114 4085; x_wconf 88' lang='lat' dir='ltr'><em>voce,</em></span> <span class='ocrx_word' id='word_1_190' title='bbox 1159 4007 1245 4095; x_wconf 81' lang='lat' dir='ltr'><em>que</em></span> <span class='ocrx_word' id='word_1_191' title='bbox 1287 3975 1456 4097; x_wconf 89' lang='lat' dir='ltr'><em>scriptis</em></span> <span class='ocrx_word' id='word_1_192' title='bbox 1500 3973 1638 4065; x_wconf 89' lang='lat' dir='ltr'><em>divini</em></span> 
     </span>
     <span class='ocr_line' id='line_1_26' title="bbox 298 4107 1635 4224; baseline 0.003 -26"><span class='ocrx_word' id='word_1_193' title='bbox 298 4110 383 4199; x_wconf 89' lang='lat' dir='ltr'><em>viri</em></span> <span class='ocrx_word' id='word_1_194' title='bbox 436 4107 581 4200; x_wconf 82' lang='lat' dir='ltr'><em>leudes</em></span> <span class='ocrx_word' id='word_1_195' title='bbox 635 4113 688 4204; x_wconf 84' lang='lat' dir='ltr'><em>ad</em></span> <span class='ocrx_word' id='word_1_196' title='bbox 730 4117 899 4224; x_wconf 80' lang='lat' dir='ltr'><em>eaelum</em></span> <span class='ocrx_word' id='word_1_197' title='bbox 952 4116 1187 4214; x_wconf 87' lang='lat' dir='ltr'><em>efferendi?</em></span> <span class='ocrx_word' id='word_1_198' title='bbox 1231 4120 1313 4210; x_wconf 86' lang='lat' dir='ltr'><em>Sed</em></span> <span class='ocrx_word' id='word_1_199' title='bbox 1356 4116 1516 4212; x_wconf 83' lang='lat' dir='ltr'><em>accidit</em></span> <span class='ocrx_word' id='word_1_200' title='bbox 1557 4113 1635 4203; x_wconf 84' lang='lat' dir='ltr'><em>ho-</em></span> 
     </span>
     <span class='ocr_line' id='line_1_27' title="bbox 295 4253 1635 4378; baseline 0.003 -34"><span class='ocrx_word' id='word_1_201' title='bbox 295 4253 471 4344; x_wconf 86' lang='lat' dir='ltr'><em>minum</em></span> <span class='ocrx_word' id='word_1_202' title='bbox 502 4254 789 4371; x_wconf 83' lang='lat' dir='ltr'><em>quorumdam</em></span> <span class='ocrx_word' id='word_1_203' title='bbox 817 4260 1111 4378; x_wconf 85' lang='lat' dir='ltr'><em>perverfitate,</em></span> <span class='ocrx_word' id='word_1_204' title='bbox 1139 4287 1190 4352; x_wconf 87' lang='lat' dir='ltr'><em>ut</em></span> <span class='ocrx_word' id='word_1_205' title='bbox 1219 4289 1266 4351; x_wconf 82' lang='lat' dir='ltr'><em>ea</em></span> <span class='ocrx_word' id='word_1_206' title='bbox 1295 4259 1351 4350; x_wconf 90' lang='lat' dir='ltr'><em>de</em></span> <span class='ocrx_word' id='word_1_207' title='bbox 1384 4280 1554 4378; x_wconf 85' lang='lat' dir='ltr'><em>potente</em></span> <span class='ocrx_word' id='word_1_208' title='bbox 1583 4283 1635 4348; x_wconf 80' lang='lat' dir='ltr'><em>ee</em></span> 
     </span>
    </p>
   </div>
   <div class='ocr_carea' id='block_1_3' title="bbox 297 4379 1668 4637">
    <p class='ocr_par' dir='ltr' id='par_1_4' title="bbox 297 4379 1668 4637">
     <span class='ocr_line' id='line_1_28' title="bbox 297 4379 1668 4637; baseline 0.007 -151"><span class='ocrx_word' id='word_1_209' title='bbox 297 4419 543 4490; x_wconf 75' lang='lat' dir='ltr'><em>mecoenate</em></span> <span class='ocrx_word' id='word_1_210' title='bbox 571 4391 649 4490; x_wconf 87' lang='lat' dir='ltr'><em>suo</em></span> <span class='ocrx_word' id='word_1_211' title='bbox 683 4396 965 4528; x_wconf 73' lang='lat' dir='ltr'><em>emantiffimo</em></span> <span class='ocrx_word' id='word_1_212' title='bbox 1001 4428 1142 4637; x_wconf 57' lang='lat' dir='ltr'><em>utqulel</em></span> <span class='ocrx_word' id='word_1_213' title='bbox 1174 4399 1458 4500; x_wconf 83' lang='lat' dir='ltr'><em>liberaliffimo</em></span> <span class='ocrx_word' id='word_1_214' title='bbox 1486 4401 1534 4496; x_wconf 92' lang='lat' dir='ltr'><em>in</em></span> <span class='ocrx_word' id='word_1_215' title='bbox 1561 4379 1634 4496; x_wconf 87' lang='lat' dir='ltr'><em>de-</em></span> <span class='ocrx_word' id='word_1_216' title='bbox 1651 4400 1668 4416; x_wconf 83' lang='grc'>”</span> 
     </span>
    </p>
   </div>
   <div class='ocr_carea' id='block_1_4' title="bbox 0 0 2250 5860">
    <p class='ocr_par' dir='ltr' id='par_1_5' title="bbox 0 0 2250 5860">
     <span class='ocr_line' id='line_1_29' title="bbox 0 0 2250 5860; baseline 0 6"><span class='ocrx_word' id='word_1_217' title='bbox 0 0 2250 5860; x_wconf 95' lang='lat' dir='ltr'><em> </em></span> 
     </span>
    </p>
   </div>
  </div>
 </body>
</html>
