4474 5858
575 488 1039 586 blitnNrrror
1098 489 1312 583 Vtra
1452 515 1531 608 177

262 703 337 800 bnt
374 711 630 804 Galeottum
662 711 743 802 luis
781 713 1095 817 deliramentis,
1125 711 1257 800 latens
1297 739 1449 801 eorum
1492 711 1606 799 dieta·

264 856 459 946 audiebat
498 857 719 945 Francisca
744 917 757 962 ,
781 885 888 970 quae
919 855 1116 944 cohibere
1146 881 1292 946 motus
1333 855 1469 943 animi
1512 879 1603 940 tur*

263 993 352 1086 bati
383 1027 473 1090 non
503 1001 674 1118 potuit,
706 1026 810 1086 cum
840 999 949 1116 patri
979 992 1157 1085 infausta
1185 1021 1262 1086 aut
1291 993 1506 1113 praedici,
1529 1015 1605 1082 aut

261 1139 414 1254 agitari
444 1136 588 1232 senfit.
626 1138 821 1228 Mulieris
863 1140 1147 1231 temeritatem
1191 1169 1283 1228 non
1326 1134 1466 1228 solum
1511 1163 1612 1222 vera.

195 1319 198 1324 ·
262 1279 357 1386 bis,
393 1275 464 1370 sed
504 1283 632 1370 etiam
669 1279 910 1370 verberibus
944 1277 1159 1398 castigavit
1190 1278 1451 1386 Galeottus,
1489 1273 1607 1366 unde

263 1415 456 1528 dissidia,
490 1425 628 1530 rixae,
665 1421 790 1514 odia.
822 1419 1016 1510 Incensus
1046 1426 1106 1510 ira
1136 1421 1389 1512 Bentivolus
1433 1419 1604 1510 occulte

267 1561 514 1654 Faventiam
544 1565 733 1674 accedit,
766 1567 894 1654 noslu
925 1561 1060 1652 filiam
1088 1569 1131 1652 &
1161 1589 1360 1680 nepotem
1400 1565 1532 1683 rapit,
1564 1569 1613 1650 de·

265 1733 367 1794 cum
399 1705 678 1824 Hieronymo
719 1709 869 1798 Riario
910 1709 998 1824 agit
1038 1703 1091 1794 de
1133 1705 1379 1795 invadendo
1410 1709 1454 1794 in
1485 1705 1610 1793 illam·

267 1847 418 1936 urbem
459 1876 560 1936 cum
603 1876 754 1963 magna
784 1849 979 1937 militum
1009 1875 1163 1936 manu.
1198 1845 1423 1939 lnterceffit
1453 1841 1615 1964 gravis*

267 1983 370 2076 sama
412 1987 629 2078 Laurentii
658 1989 906 2094 aussoritas,
945 2017 998 2078 ne
1038 1991 1179 2078 ullum
1209 1989 1417 2080 Galeotto
1447 1985 1611 2075 confla·

266 2151 383 2216 retur
421 2129 686 2244 periculum,
724 2125 917 2244 nihilque
959 2130 1075 2218 idem
1119 2162 1208 2222 non
1250 2135 1361 2250 egit,
1392 2153 1441 2218 ut
1470 2128 1606 2244 placa-

266 2291 412 2356 rentur
439 2271 881 2378 &reconciliarentur
911 2271 1148 2388 conjugum
1179 2274 1311 2360 animi
1341 2269 1491 2382 (187).
1524 2270 1615 2356 Res·

267 2405 322 2498 ad
353 2409 631 2500 concordiam
663 2411 800 2502 redire
832 2407 965 2501 visae.
986 2412 1069 2504 Sed
1101 2438 1151 2502 ut
1182 2411 1278 2502 sunt
1309 2409 1522 2500 foeminae
1553 2407 1615 2510 ad

268 2579 444 2638 omnem
475 2548 789 2644 simulationem
820 2554 1028 2659 idoneae,
1065 2549 1190 2640 facile
1237 2547 1323 2642 fuir
1363 2548 1609 2642 Franciscae

269 2695 435 2782 nemini
475 2693 570 2784 fisse
615 2695 912 2786 reconciliatae
951 2697 1109 2812 gratiae
1150 2691 1437 2810 suspicionem
1480 2695 1606 2782 darer

269 2833 445 2924 Interim
475 2865 640 2954 aegram
671 2833 712 2925 se
742 2833 891 2953 fingit,
911 2845 951 2924 δε
980 2838 1124 2924 vnum
1148 2835 1201 2921 ad
1232 2831 1273 2926 sc
1304 2833 1520 2924 visendam
1544 2837 1608 2920 in*

269 2978 406 3066 vitat.
438 2975 747 3092 Ingredienrem
778 2975 1027 3066 cubiculum
1048 2979 1283 3083 inermem,
1312 3002 1363 3066 ut
1385 3005 1485 3094 pote
1504 2993 1619 3064 cum·

269 3117 379 3208 nihil
408 3115 653 3210 insidiarum
687 3113 986 3235 suspicaretur,
1013 3143 1196 3235 quatuor
1227 3116 1389 3227 sicarii,
1420 3148 1609 3236 quorum

269 3284 352 3349 tres
383 3255 457 3346 sub
498 3257 608 3345 lesio
646 3255 977 3367 delitescebant,
1009 3260 1347 3378 aggrediuntur.
1380 3264 1454 3354 Ab
1484 3267 1534 3352 iis
1566 3258 1609 3350 se

268 3396 311 3494 se
340 3403 516 3492 liberare
557 3422 718 3504 tentat,
750 3405 790 3486 δι
832 3401 950 3515 quod
995 3405 1157 3492 viribus
1202 3405 1408 3518 valebat,
1440 3401 1607 3498 fortasse

271 3571 361 3632 non
392 3541 557 3631 inutilis
589 3535 729 3627 suisset
758 3567 959 3634 conatus.
990 3543 1073 3632 Sed
1104 3547 1178 3636 ubi
1208 3577 1398 3665 pugnam
1434 3547 1609 3638 dubiam

271 3681 384 3772 vidit
415 3677 657 3786 Francisca,
689 3679 822 3798 surgit
858 3713 881 3770 e
912 3683 1044 3792 lello,
1081 3694 1122 3776 &
1160 3687 1305 3805 gladlo
1347 3721 1421 3808 per
1462 3689 1610 3777 adver-

271 3817 366 3912 sum
396 3848 592 3913 ventrem
621 3821 795 3926 adailo,
814 3825 957 3911 virum
990 3826 1217 3922 interficit.
1251 3831 1411 3923 Occiso
1434 3831 1612 3922 Galeot-

271 3987 344 4072 to,
377 3959 629 4082 praesidium
659 3960 735 4050 fibi
769 3970 810 4050 dt
845 3965 986 4052 liberis
1019 3967 1239 4060 Franciscu
1269 3973 1315 4062 in
1357 3999 1452 4063 arce
1487 3997 1619 4088 quac*

270 4099 389 4192 srvit.
425 4101 586 4190 Adfuit
617 4099 783 4209 adjutor
814 4129 918 4190 cum
950 4110 1086 4222 copiis
1108 4139 1248 4228 pater,
1272 4123 1313 4202 δι
1335 4115 1455 4204 venit
1480 4119 1610 4202 etiam

272 4273 374 4331 cum
394 4237 490 4344 ¹suis
520 4239 728 4329 militibus
759 4237 1043 4358 Borgomlnus
1074 4279 1097 4337 e
1129 4251 1244 4340 Foro
1284 4249 1426 4363 Livii,
1461 4281 1547 4370 quo
1587 4277 1614 4342 a

278 4375 660 4496 Mediolanensem
706 4383 830 4471 Duce
870 4379 962 4500 poll
1015 4415 1202 4480 mortem
1245 4397 1380 4486 Rlarii
1422 4394 1616 4489 Comitis

1159 4525 1198 4622 Z
