4472 5858
683 484 766 549 ιοο
888 449 1379 542 brunnen
1440 449 1806 548 Mentore

618 669 762 764 storiis
791 669 858 760 uti
888 663 1122 776 nescirent,
1157 667 1439 791 Neapolitani
1476 671 1614 764 trium
1654 665 1870 762 menliunr
1902 669 1973 761 in·
2211 619 2214 752 l

617 814 769 906 ducias
800 811 1061 904 Florentinis
1099 815 1376 924 obtulerunt,
1406 843 1514 933 quae
1542 809 1828 908 libentiffimis
1867 808 1966 900 ani·

616 957 699 1048 mis
729 951 860 1046 fartae
890 951 1092 1048 fuerunt.
1126 956 1193 1050 Ut
1228 955 1326 1050 sunt
1358 981 1503 1048 autem
1533 955 1776 1050 Florentini
1812 953 1866 1045 ad
1900 953 1968 1070 ju·⁸

616 1099 792 1194 dicandi
817 1097 1187 1216 maledicendique
1207 1089 1440 1192 'licentiam
1471 1099 1622 1212 liberi,
1640 1127 1736 1194 tota
1757 1099 1861 1192 urbe
1883 1097 1968 1188 cir-

615 1244 753 1336 culari
788 1271 839 1332 ac
870 1241 1014 1333 dolere
1031 1305 1043 1350 ,
1063 1244 1331 1333 exinanitum
1353 1242 1579 1360 publicum
1608 1243 1842 1350 aerarium,
1874 1267 1969 1360 gra·

615 1381 791 1476 viffimis
822 1384 996 1476 tributis
1025 1381 1258 1502 opprellam
1283 1387 1537 1496 civitatem,
1563 1382 1851 1480 solutionibus
1882 1382 1964 1470 im·

615 1529 790 1648 peditis,
804 1526 938 1620 lldem
961 1535 1001 1616 δε
1020 1555 1303 1620 mercaturam
1326 1523 1581 1639 concidiffe,
1601 1532 1767 1620 civium
1797 1524 1968 1645 sangui·

616 1701 718 1765 nem
745 1669 970 1763 saeviffime
988 1667 1192 1782 effirsum,
1222 1669 1263 1762 se
1292 1669 1487 1794 proditos
1515 1704 1541 1766 a
1570 1669 1823 1780 foederatis,
1841 1666 1969 1794 seque

616 1813 782 1916 idcirco
805 1815 978 1908 duriore
1005 1814 1180 1908 fortuna
1209 1819 1372 1933 premi,
1390 1815 1507 1934 quod
1525 1814 1578 1906 ab
1596 1813 1844 1906 hominibus
1861 1837 1966 1902 con·

614 1953 697 2052 filii
737 1963 980 2082 expertibus
1020 1969 1062 2054 δι
1105 1960 1414 2054 dominationis
1457 1955 1626 2076 cupidis
1668 1985 1733 2050 res
1770 1953 1966 2075 publicae

615 2101 1030 2196 administrarentur.
1061 2103 1273 2213 Qonam
1288 2101 1394 2192 haec
1413 2095 1491 2190 nifi
1510 2101 1565 2188 ad
1589 2101 1824 2222 perniciem
1855 2095 1966 2184 Lau·

528 2349 530 2354 s
614 2246 779 2334 rentii?
810 2243 1033 2336 Nonnulli
1062 2247 1193 2358 etiam
1223 2277 1277 2338 co
1307 2245 1507 2338 audaciae
1537 2239 1803 2364 processere,
1832 2260 1884 2328 ut
1925 2235 1967 2324 ei

615 2381 876 2498 objecerint,
906 2383 946 2478 se
982 2387 1071 2504 jam
1112 2389 1245 2478 nimis
1285 2384 1494 2475 diuturno
1536 2383 1652 2474 bello
1697 2379 1822 2472 fessos
1862 2373 1965 2486 effe,
2024 2367 2030 2377 ¹

614 2529 658 2616 dt
692 2529 837 2618 mirari
880 2528 998 2646 quod
1040 2530 1093 2619 de
1131 2529 1213 2620 illo
1254 2531 1398 2648 potius
1444 2523 1721 2630 renovando,
1751 2549 1879 2640 quam
1910 2518 1966 2609 de

613 2695 718 2787 pace
748 2671 1019 2760 concilianda
1048 2675 1330 2790 cogitaretur.
1365 2667 1464 2758 Hae
1495 2694 1557 2756 res
1587 2671 1778 2759 maxime
1804 2665 1965 2756 sollici·

616 2829 714 2898 rum
742 2810 1025 2903 Laurentium
1064 2813 1298 2926 habebant,
1332 2839 1521 2928 cumque
1550 2807 1640 2930 spes
1659 2811 1793 2900 'nulla
1820 2802 1960 2898 osten·

567 3005 571 3014 ·
614 2949 786 3042 deretur
815 2949 1104 3072 inposterum
1134 2951 1226 3046 fore
1257 2957 1411 3046 melius
1441 2955 1695 3061 aVenetis,
1729 2958 1771 3042 δι
1798 2949 1964 3066 langui·

616 3092 756 3186 diores
783 3093 884 3186 lac‘li
914 3094 994 3188 elle
1028 3097 1312 3212 viderentur,
1341 3097 1417 3215 qui
1458 3124 1523 3186 res
1570 3093 1965 3190 Mediolanensrum

620 3239 821 3356 regebant
852 3265 1022 3358 propter
1050 3244 1199 3334 civiles
1235 3237 1469 3330 discordias
1501 3241 1718 3328 &aerarii
1752 3231 1963 3357 angustiat

614 3377 669 3466 ad
693 3381 857 3469 bellum
885 3377 1221 3499 persequendum
1253 3381 1406 3496 (104),
1428 3405 1589 3471 novam
1619 3407 1782 3472 tentare
1821 3379 1960 3472 fortu-

616 3547 719 3610 nam
748 3518 968 3637 novosque
1000 3527 1183 3642 experiri
1213 3527 1380 3614 amicos
1409 3519 1654 3616 constituit.
1679 3524 1791 3614 Non
1819 3520 1963 3642 despe-

614 3659 734 3750 rabat
760 3661 1015 3752 Laurentius
1044 3690 1118 3753 aut
1149 3667 1273 3757 Sixto
1303 3696 1378 3761 aut
1409 3667 1681 3763 Ferdinando
1705 3667 1821 3786 Regi
1847 3663 1964 3788 polle

618 3799 904 3894 Florentinoe
922 3809 1220 3919 reconciliari,
1250 3841 1332 3932 qua
1361 3813 1476 3904 dere
1494 3814 1831 3904 communicatis
1855 3835 1963 3908 conf

616 3944 720 4042 filiis
755 3975 858 4037 cum
888 3947 1261 4068 prudentioribus,
1291 3956 1453 4048 accidit
1486 3983 1537 4048 ut
1564 3955 1742 4068 ancipiti
1773 3947 1962 4068 disputa-

616 4097 737 4186 tione
767 4089 1094 4185 distraherentur
1126 4098 1173 4186 in
1205 4098 1479 4192 deliberando
1508 4104 1665 4192 animi.
1693 4095 1807 4187 Non
1835 4096 1961 4186 dubi-

518 4343 521 4348 ,
615 4239 735 4328 rabat
764 4244 801 4330 is
835 4241 1011 4356 quidem
1040 4245 1297 4354 utiliorem,
1318 4249 1525 4337 tutiorem
1556 4243 1961 4359 diuturnioremque

618 4389 859 4484 ,amicitiam
883 4386 978 4486 sore
1005 4423 1110 4485 cum
1138 4391 1433 4502 Ferdinando,
1458 4388 1609 4484 sedne
1630 4393 1737 4482 odio
1764 4391 1813 4480 in
1842 4388 1960 4481 Pon-
