<?xml version="1.0" encoding="UTF-8"?>
<!DOCTYPE html PUBLIC "-//W3C//DTD XHTML 1.0 Transitional//EN"
    "http://www.w3.org/TR/xhtml1/DTD/xhtml1-transitional.dtd">
<html xmlns="http://www.w3.org/1999/xhtml" xml:lang="en" lang="en">
 <head>
  <title>
</title>
<meta http-equiv="Content-Type" content="text/html;charset=utf-8" />
  <meta name='ocr-system' content='tesseract 3.04.00' />
  <meta name='ocr-capabilities' content='ocr_page ocr_carea ocr_par ocr_line ocrx_word'/>
</head>
<body>
  <div class='ocr_page' id='page_1' title='image "./laurentiimedici00fabrgoog_0177.png"; bbox 0 0 4474 5858; ppageno 0'>
   <div class='ocr_carea' id='block_1_1' title="bbox 570 473 1771 613">
    <p class='ocr_par' dir='ltr' id='par_1_1' title="bbox 570 473 1771 613">
     <span class='ocr_line' id='line_1_1' title="bbox 570 473 1771 613; baseline 0.002 -47"><span class='ocrx_word' id='word_1_1' title='bbox 570 485 735 608; x_wconf 28' lang='lat'>&#39;164</span> <span class='ocrx_word' id='word_1_2' title='bbox 857 473 1345 613; x_wconf 67' lang='lat' dir='ltr'><strong>Lauronem</strong></span> <span class='ocrx_word' id='word_1_3' title='bbox 1412 475 1771 568; x_wconf 81' lang='lat' dir='ltr'><strong>llsnutcrs</strong></span> 
     </span>
    </p>
   </div>
   <div class='ocr_carea' id='block_1_2' title="bbox 525 687 1942 3517">
    <p class='ocr_par' dir='ltr' id='par_1_2' title="bbox 525 687 1942 3517">
     <span class='ocr_line' id='line_1_2' title="bbox 589 687 1942 807; baseline 0.002 -28"><span class='ocrx_word' id='word_1_4' title='bbox 589 694 630 782; x_wconf 92' lang='lat' dir='ltr'><strong>ci</strong></span> <span class='ocrx_word' id='word_1_5' title='bbox 660 723 708 781; x_wconf 90' lang='lat' dir='ltr'><strong>ac</strong></span> <span class='ocrx_word' id='word_1_6' title='bbox 746 691 962 783; x_wconf 87' lang='lat' dir='ltr'><strong>moderata</strong></span> <span class='ocrx_word' id='word_1_7' title='bbox 1007 697 1209 784; x_wconf 87' lang='lat' dir='ltr'><strong>convivia</strong></span> <span class='ocrx_word' id='word_1_8' title='bbox 1240 687 1526 787; x_wconf 83' lang='lat' dir='ltr'><strong>exhilarabant</strong></span> <span class='ocrx_word' id='word_1_9' title='bbox 1558 692 1807 807; x_wconf 87' lang='lat' dir='ltr'><strong>hujusmodi</strong></span> <span class='ocrx_word' id='word_1_10' title='bbox 1838 721 1942 792; x_wconf 84' lang='lat' dir='ltr'><strong>con·</strong></span> 
     </span>
     <span class='ocr_line' id='line_1_3' title="bbox 587 833 1938 952; baseline 0.004 -30"><span class='ocrx_word' id='word_1_11' title='bbox 587 833 830 952; x_wconf 76' lang='lat' dir='ltr'><strong>gressioneS,</strong></span> <span class='ocrx_word' id='word_1_12' title='bbox 863 861 912 925; x_wconf 88' lang='lat' dir='ltr'><strong>ut</strong></span> <span class='ocrx_word' id='word_1_13' title='bbox 940 835 1115 929; x_wconf 90' lang='lat' dir='ltr'><strong>difficile</strong></span> <span class='ocrx_word' id='word_1_14' title='bbox 1145 834 1243 928; x_wconf 84' lang='lat' dir='ltr'><strong>esset</strong></span> <span class='ocrx_word' id='word_1_15' title='bbox 1275 837 1461 952; x_wconf 85' lang='lat' dir='ltr'><strong>judicate</strong></span> <span class='ocrx_word' id='word_1_16' title='bbox 1486 903 1499 946; x_wconf 97' lang='lat'><strong>,</strong></span> <span class='ocrx_word' id='word_1_17' title='bbox 1529 861 1679 928; x_wconf 88' lang='lat' dir='ltr'><strong>utrum</strong></span> <span class='ocrx_word' id='word_1_18' title='bbox 1710 836 1938 952; x_wconf 90' lang='lat' dir='ltr'><strong>jucundio-</strong></span> 
     </span>
     <span class='ocr_line' id='line_1_4' title="bbox 586 967 1941 1099; baseline -0.001 -33"><span class='ocrx_word' id='word_1_19' title='bbox 586 1009 650 1068; x_wconf 87' lang='lat' dir='ltr'><strong>res</strong></span> <span class='ocrx_word' id='word_1_20' title='bbox 681 1009 735 1068; x_wconf 89' lang='lat' dir='ltr'><strong>an</strong></span> <span class='ocrx_word' id='word_1_21' title='bbox 762 967 869 1064; x_wconf 79' lang='lat' dir='ltr'><strong>¹v&#39;ero</strong></span> <span class='ocrx_word' id='word_1_22' title='bbox 900 978 1093 1070; x_wconf 85' lang='lat' dir='ltr'><strong>utiliores</strong></span> <span class='ocrx_word' id='word_1_23' title='bbox 1122 979 1280 1072; x_wconf 81' lang='lat' dir='ltr'><strong>essent.</strong></span> <span class='ocrx_word' id='word_1_24' title='bbox 1313 983 1520 1074; x_wconf 87' lang='lat' dir='ltr'><strong>Omnino</strong></span> <span class='ocrx_word' id='word_1_25' title='bbox 1551 977 1581 1070; x_wconf 87' lang='lat' dir='ltr'>fi</span> <span class='ocrx_word' id='word_1_26' title='bbox 1611 982 1796 1099; x_wconf 79' lang='lat' dir='ltr'><strong>aliquem</strong></span> <span class='ocrx_word' id='word_1_27' title='bbox 1826 1007 1941 1097; x_wconf 88' lang='lat' dir='ltr'><strong>repe-</strong></span> 
     </span>
     <span class='ocr_line' id='line_1_5' title="bbox 586 1121 1940 1238; baseline 0.007 -28"><span class='ocrx_word' id='word_1_28' title='bbox 586 1121 699 1212; x_wconf 83' lang='lat' dir='ltr'><strong>riffet</strong></span> <span class='ocrx_word' id='word_1_29' title='bbox 730 1122 1005 1230; x_wconf 86' lang='lat' dir='ltr'><strong>Laurentius,</strong></span> <span class='ocrx_word' id='word_1_30' title='bbox 1025 1123 1146 1238; x_wconf 89' lang='lat' dir='ltr'><strong>cujus</strong></span> <span class='ocrx_word' id='word_1_31' title='bbox 1179 1153 1281 1213; x_wconf 89' lang='lat' dir='ltr'><strong>cum</strong></span> <span class='ocrx_word' id='word_1_32' title='bbox 1312 1123 1482 1236; x_wconf 83' lang='lat' dir='ltr'><strong>studiis,</strong></span> <span class='ocrx_word' id='word_1_33' title='bbox 1518 1127 1710 1218; x_wconf 89' lang='lat' dir='ltr'><strong>moribus</strong></span> <span class='ocrx_word' id='word_1_34' title='bbox 1741 1131 1782 1212; x_wconf 88' lang='lat'>&amp;</span> <span class='ocrx_word' id='word_1_35' title='bbox 1813 1149 1940 1220; x_wconf 56' lang='lat' dir='ltr'><strong>natue</strong></span> 
     </span>
     <span class='ocr_line' id='line_1_6' title="bbox 588 1266 1939 1380; baseline 0.004 -29"><span class='ocrx_word' id='word_1_36' title='bbox 588 1293 633 1353; x_wconf 87' lang='lat' dir='ltr'><strong>ra</strong></span> <span class='ocrx_word' id='word_1_37' title='bbox 664 1289 939 1380; x_wconf 84' lang='lat' dir='ltr'><strong>congrueret,</strong></span> <span class='ocrx_word' id='word_1_38' title='bbox 959 1267 1104 1354; x_wconf 88' lang='lat' dir='ltr'><strong>omnia</strong></span> <span class='ocrx_word' id='word_1_39' title='bbox 1137 1297 1238 1356; x_wconf 91' lang='lat' dir='ltr'><strong>cum</strong></span> <span class='ocrx_word' id='word_1_40' title='bbox 1269 1269 1350 1358; x_wconf 86' lang='lat' dir='ltr'><strong>illo¹</strong></span> <span class='ocrx_word' id='word_1_41' title='bbox 1376 1267 1452 1360; x_wconf 85' lang='lat' dir='ltr'><strong>srbi</strong></span> <span class='ocrx_word' id='word_1_42' title='bbox 1484 1266 1563 1362; x_wconf 89' lang='lat' dir='ltr'><strong>esse</strong></span> <span class='ocrx_word' id='word_1_43' title='bbox 1593 1267 1709 1358; x_wconf 89' lang='lat' dir='ltr'><strong>velle</strong></span> <span class='ocrx_word' id='word_1_44' title='bbox 1740 1297 1939 1356; x_wconf 87' lang='lat' dir='ltr'><strong>commu-</strong></span> 
     </span>
     <span class='ocr_line' id='line_1_7' title="bbox 586 1406 1939 1536; baseline 0.004 -40"><span class='ocrx_word' id='word_1_45' title='bbox 586 1407 656 1496; x_wconf 86' lang='lat' dir='ltr'><strong>nia</strong></span> <span class='ocrx_word' id='word_1_46' title='bbox 687 1407 932 1514; x_wconf 84' lang='lat' dir='ltr'><strong>videbatur;</strong></span> <span class='ocrx_word' id='word_1_47' title='bbox 964 1417 1003 1497; x_wconf 79' lang='grc' dir='ltr'><strong>δι</strong></span> <span class='ocrx_word' id='word_1_48' title='bbox 1035 1436 1084 1499; x_wconf 92' lang='lat' dir='ltr'><strong>ut</strong></span> <span class='ocrx_word' id='word_1_49' title='bbox 1115 1409 1315 1501; x_wconf 86' lang='lat' dir='ltr'><strong>haberent</strong></span> <span class='ocrx_word' id='word_1_50' title='bbox 1354 1439 1519 1536; x_wconf 83' lang='lat' dir='ltr'><strong>amores</strong></span> <span class='ocrx_word' id='word_1_51' title='bbox 1555 1406 1818 1527; x_wconf 75' lang='lat' dir='ltr'><strong>deliciaeque</strong></span> <span class='ocrx_word' id='word_1_52' title='bbox 1840 1411 1939 1502; x_wconf 80' lang='lat' dir='ltr'><strong>illae</strong></span> 
     </span>
     <span class='ocr_line' id='line_1_8' title="bbox 586 1544 1938 1660; baseline 0.005 -25"><span class='ocrx_word' id='word_1_53' title='bbox 586 1544 682 1640; x_wconf 89' lang='lat' dir='ltr'><strong>suae</strong></span> <span class='ocrx_word' id='word_1_54' title='bbox 718 1549 918 1656; x_wconf 89' lang='lat' dir='ltr'><strong>Ficinus,</strong></span> <span class='ocrx_word' id='word_1_55' title='bbox 948 1553 1184 1643; x_wconf 89' lang='lat' dir='ltr'><strong>Politianus</strong></span> <span class='ocrx_word' id='word_1_56' title='bbox 1223 1563 1262 1644; x_wconf 73' lang='lat' dir='ltr'><strong>dt</strong></span> <span class='ocrx_word' id='word_1_57' title='bbox 1308 1551 1593 1660; x_wconf 87' lang='lat' dir='ltr'><strong>Mirandula,</strong></span> <span class='ocrx_word' id='word_1_58' title='bbox 1623 1553 1699 1642; x_wconf 90' lang='lat' dir='ltr'><strong>ubi</strong></span> <span class='ocrx_word' id='word_1_59' title='bbox 1739 1581 1938 1644; x_wconf 49' lang='lat' dir='ltr'><strong>commo«</strong></span> 
     </span>
     <span class='ocr_line' id='line_1_9' title="bbox 587 1689 1937 1814; baseline 0.003 -36"><span class='ocrx_word' id='word_1_60' title='bbox 587 1691 640 1780; x_wconf 90' lang='lat' dir='ltr'><strong>de</strong></span> <span class='ocrx_word' id='word_1_61' title='bbox 672 1689 990 1803; x_wconf 88' lang='lat' dir='ltr'><strong>rusticarentur,</strong></span> <span class='ocrx_word' id='word_1_62' title='bbox 1021 1694 1195 1814; x_wconf 79' lang='lat' dir='ltr'><strong>singulis</strong></span> <span class='ocrx_word' id='word_1_63' title='bbox 1226 1696 1404 1804; x_wconf 89' lang='lat' dir='ltr'><strong>villam,</strong></span> <span class='ocrx_word' id='word_1_64' title='bbox 1435 1695 1559 1786; x_wconf 91' lang='lat' dir='ltr'><strong>alteri</strong></span> <span class='ocrx_word' id='word_1_65' title='bbox 1592 1694 1937 1814; x_wconf 79' lang='lat' dir='ltr'><strong>Careggianam,</strong></span> 
     </span>
     <span class='ocr_line' id='line_1_10' title="bbox 583 1830 1935 1955; baseline 0.001 -31"><span class='ocrx_word' id='word_1_66' title='bbox 583 1833 858 1925; x_wconf 87' lang='lat' dir='ltr'><strong>Faesulanam</strong></span> <span class='ocrx_word' id='word_1_67' title='bbox 890 1830 1033 1945; x_wconf 87' lang='lat' dir='ltr'><strong>alteri,</strong></span> <span class='ocrx_word' id='word_1_68' title='bbox 1058 1841 1186 1926; x_wconf 88' lang='lat' dir='ltr'><strong>tertio</strong></span> <span class='ocrx_word' id='word_1_69' title='bbox 1217 1839 1394 1928; x_wconf 88' lang='lat' dir='ltr'><strong>demum</strong></span> <span class='ocrx_word' id='word_1_70' title='bbox 1420 1841 1734 1951; x_wconf 87' lang='lat' dir='ltr'><strong>Quercetanam</strong></span> <span class='ocrx_word' id='word_1_71' title='bbox 1765 1835 1935 1955; x_wconf 76' lang='lat' dir='ltr'><strong>assigna·</strong></span> 
     </span>
     <span class='ocr_line' id='line_1_11' title="bbox 585 1973 1937 2098; baseline 0.003 -32"><span class='ocrx_word' id='word_1_72' title='bbox 585 1981 672 2068; x_wconf 89' lang='lat' dir='ltr'><strong>vit.</strong></span> <span class='ocrx_word' id='word_1_73' title='bbox 707 1978 891 2068; x_wconf 89' lang='lat' dir='ltr'><strong>Dolebat</strong></span> <span class='ocrx_word' id='word_1_74' title='bbox 922 2001 1051 2084; x_wconf 86' lang='lat' dir='ltr'><strong>ver0,</strong></span> <span class='ocrx_word' id='word_1_75' title='bbox 1096 2011 1214 2068; x_wconf 92' lang='lat' dir='ltr'><strong>cum.</strong></span> <span class='ocrx_word' id='word_1_76' title='bbox 1232 1973 1393 2098; x_wconf 86' lang='lat' dir='ltr'><strong>semper</strong></span> <span class='ocrx_word' id='word_1_77' title='bbox 1429 1982 1700 2075; x_wconf 85' lang='lat' dir='ltr'><strong>voluntatem</strong></span> <span class='ocrx_word' id='word_1_78' title='bbox 1737 1980 1937 2070; x_wconf 85' lang='lat' dir='ltr'><strong>eamdem-</strong></span> 
     </span>
     <span class='ocr_line' id='line_1_12' title="bbox 585 2119 1938 2232; baseline 0.004 -26"><span class='ocrx_word' id='word_1_79' title='bbox 585 2119 779 2210; x_wconf 90' lang='lat' dir='ltr'><strong>habuerit</strong></span> <span class='ocrx_word' id='word_1_80' title='bbox 808 2121 973 2210; x_wconf 91' lang='lat' dir='ltr'><strong>otiandi</strong></span> <span class='ocrx_word' id='word_1_81' title='bbox 1002 2153 1105 2212; x_wconf 88' lang='lat' dir='ltr'><strong>cum</strong></span> <span class='ocrx_word' id='word_1_82' title='bbox 1136 2126 1242 2212; x_wconf 85' lang='lat' dir='ltr'><strong>viris</strong></span> <span class='ocrx_word' id='word_1_83' title='bbox 1276 2123 1435 2232; x_wconf 71' lang='lat' dir='ltr'><strong>docile,</strong></span> <span class='ocrx_word' id='word_1_84' title='bbox 1466 2120 1508 2212; x_wconf 91' lang='lat' dir='ltr'><strong>se</strong></span> <span class='ocrx_word' id='word_1_85' title='bbox 1542 2123 1785 2214; x_wconf 80' lang='lat' dir='ltr'><strong>libertatem</strong></span> <span class='ocrx_word' id='word_1_86' title='bbox 1818 2145 1938 2222; x_wconf 64' lang='lat' dir='ltr'><strong>eamr·</strong></span> 
     </span>
     <span class='ocr_line' id='line_1_13' title="bbox 586 2257 1928 2382; baseline 0.007 -37"><span class='ocrx_word' id='word_1_87' title='bbox 586 2257 687 2348; x_wconf 89' lang='lat' dir='ltr'><strong>dem</strong></span> <span class='ocrx_word' id='word_1_88' title='bbox 729 2295 819 2351; x_wconf 90' lang='lat' dir='ltr'><strong>non</strong></span> <span class='ocrx_word' id='word_1_89' title='bbox 851 2259 1010 2378; x_wconf 86' lang='lat' dir='ltr'><strong>semper</strong></span> <span class='ocrx_word' id='word_1_90' title='bbox 1047 2262 1255 2369; x_wconf 78' lang='lat' dir='ltr'><strong>habuisle3</strong></span> <span class='ocrx_word' id='word_1_91' title='bbox 1298 2295 1398 2354; x_wconf 88' lang='lat' dir='ltr'><strong>nam</strong></span> <span class='ocrx_word' id='word_1_92' title='bbox 1429 2265 1602 2382; x_wconf 82' lang='lat' dir='ltr'><strong>publica·</strong></span> <span class='ocrx_word' id='word_1_93' title='bbox 1642 2268 1815 2382; x_wconf 85' lang='lat' dir='ltr'><strong>negotia</strong></span> <span class='ocrx_word' id='word_1_94' title='bbox 1858 2265 1928 2356; x_wconf 86' lang='lat' dir='ltr'><strong>vel</strong></span> 
     </span>
     <span class='ocr_line' id='line_1_14' title="bbox 586 2401 1932 2525; baseline 0.001 -34"><span class='ocrx_word' id='word_1_95' title='bbox 586 2403 779 2491; x_wconf 88' lang='lat' dir='ltr'><strong>invitum</strong></span> <span class='ocrx_word' id='word_1_96' title='bbox 809 2404 862 2492; x_wconf 87' lang='lat' dir='ltr'><strong>ud</strong></span> <span class='ocrx_word' id='word_1_97' title='bbox 892 2401 933 2494; x_wconf 89' lang='lat' dir='ltr'><strong>se</strong></span> <span class='ocrx_word' id='word_1_98' title='bbox 964 2402 1003 2495; x_wconf 91' lang='lat' dir='ltr'><strong>se</strong></span> <span class='ocrx_word' id='word_1_99' title='bbox 1035 2409 1315 2498; x_wconf 86' lang='lat' dir='ltr'><strong>revocabant.</strong></span> <span class='ocrx_word' id='word_1_100' title='bbox 1350 2406 1432 2497; x_wconf 87' lang='lat' dir='ltr'><strong>Sed</strong></span> <span class='ocrx_word' id='word_1_101' title='bbox 1464 2413 1505 2495; x_wconf 75' lang='grc' dir='ltr'><strong>δι</strong></span> <span class='ocrx_word' id='word_1_102' title='bbox 1535 2408 1603 2496; x_wconf 91' lang='lat' dir='ltr'><strong>vel</strong></span> <span class='ocrx_word' id='word_1_103' title='bbox 1639 2409 1691 2496; x_wconf 91' lang='lat' dir='ltr'><strong>iis</strong></span> <span class='ocrx_word' id='word_1_104' title='bbox 1723 2407 1932 2525; x_wconf 81' lang='lat' dir='ltr'><strong>tempori--</strong></span> 
     </span>
     <span class='ocr_line' id='line_1_15' title="bbox 525 2542 1928 2667; baseline 0.007 -37"><span class='ocrx_word' id='word_1_105' title='bbox 525 2659 529 2667; x_wconf 17' lang='lat'><strong>¹</strong></span> <span class='ocrx_word' id='word_1_106' title='bbox 588 2542 691 2651; x_wconf 90' lang='lat' dir='ltr'><strong>bus,</strong></span> <span class='ocrx_word' id='word_1_107' title='bbox 723 2545 876 2660; x_wconf 90' lang='lat' dir='ltr'><strong>quibus</strong></span> <span class='ocrx_word' id='word_1_108' title='bbox 907 2572 1079 2666; x_wconf 89' lang='lat' dir='ltr'><strong>propter</strong></span> <span class='ocrx_word' id='word_1_109' title='bbox 1111 2548 1300 2640; x_wconf 87' lang='lat' dir='ltr'><strong>infinitus</strong></span> <span class='ocrx_word' id='word_1_110' title='bbox 1333 2547 1423 2638; x_wconf 86' lang='lat' dir='ltr'><strong>suas</strong></span> <span class='ocrx_word' id='word_1_111' title='bbox 1454 2551 1760 2666; x_wconf 77' lang='lat' dir='ltr'><strong>occupationes</strong></span> <span class='ocrx_word' id='word_1_112' title='bbox 1784 2555 1928 2640; x_wconf 82' lang='lat' dir='ltr'><strong>minus</strong></span> 
     </span>
     <span class='ocr_line' id='line_1_16' title="bbox 585 2683 1929 2802; baseline 0.004 -28"><span class='ocrx_word' id='word_1_113' title='bbox 585 2715 715 2802; x_wconf 90' lang='lat' dir='ltr'><strong>quam</strong></span> <span class='ocrx_word' id='word_1_114' title='bbox 747 2687 876 2778; x_wconf 89' lang='lat' dir='ltr'><strong>vellet</strong></span> <span class='ocrx_word' id='word_1_115' title='bbox 908 2691 959 2777; x_wconf 92' lang='lat' dir='ltr'><strong>iis</strong></span> <span class='ocrx_word' id='word_1_116' title='bbox 1001 2683 1246 2799; x_wconf 79' lang='lat' dir='ltr'><strong>furebatur,</strong></span> <span class='ocrx_word' id='word_1_117' title='bbox 1274 2692 1416 2780; x_wconf 88' lang='lat' dir='ltr'><strong>nullus</strong></span> <span class='ocrx_word' id='word_1_118' title='bbox 1449 2717 1613 2782; x_wconf 89' lang='lat' dir='ltr'><strong>temere</strong></span> <span class='ocrx_word' id='word_1_119' title='bbox 1643 2690 1929 2782; x_wconf 81' lang='lat' dir='ltr'><strong>intercedebat</strong></span> 
     </span>
     <span class='ocr_line' id='line_1_17' title="bbox 588 2816 1929 2950; baseline 0.004 -36"><span class='ocrx_word' id='word_1_120' title='bbox 588 2827 703 2936; x_wconf 76' lang='lat' dir='ltr'><strong>dieo,</strong></span> <span class='ocrx_word' id='word_1_121' title='bbox 734 2859 821 2945; x_wconf 93' lang='lat' dir='ltr'><strong>quo</strong></span> <span class='ocrx_word' id='word_1_122' title='bbox 851 2861 941 2919; x_wconf 95' lang='lat' dir='ltr'><strong>non</strong></span> <span class='ocrx_word' id='word_1_123' title='bbox 973 2831 1027 2920; x_wconf 90' lang='lat' dir='ltr'><strong>ad</strong></span> <span class='ocrx_word' id='word_1_124' title='bbox 1072 2831 1242 2920; x_wconf 87' lang='lat' dir='ltr'><strong>eosdem</strong></span> <span class='ocrx_word' id='word_1_125' title='bbox 1282 2816 1487 2922; x_wconf 85' lang='lat' dir='ltr'><strong>scriberet</strong></span> <span class='ocrx_word' id='word_1_126' title='bbox 1513 2839 1589 2940; x_wconf 71' lang='lat' dir='ltr'><strong>,u</strong></span> <span class='ocrx_word' id='word_1_127' title='bbox 1622 2862 1705 2950; x_wconf 92' lang='lat' dir='ltr'><strong>quo</strong></span> <span class='ocrx_word' id='word_1_128' title='bbox 1735 2859 1824 2919; x_wconf 94' lang='lat' dir='ltr'><strong>non</strong></span> <span class='ocrx_word' id='word_1_129' title='bbox 1853 2829 1929 2920; x_wconf 90' lang='lat' dir='ltr'><strong>ali·</strong></span> 
     </span>
     <span class='ocr_line' id='line_1_18' title="bbox 587 2969 1933 3091; baseline 0.004 -35"><span class='ocrx_word' id='word_1_130' title='bbox 587 2969 775 3084; x_wconf 91' lang='lat' dir='ltr'><strong>quidde</strong></span> <span class='ocrx_word' id='word_1_131' title='bbox 809 2975 1133 3088; x_wconf 88' lang='lat' dir='ltr'><strong>antiquitate&amp;</strong></span> <span class='ocrx_word' id='word_1_132' title='bbox 1167 2975 1219 3062; x_wconf 87' lang='lat' dir='ltr'><strong>de</strong></span> <span class='ocrx_word' id='word_1_133' title='bbox 1262 2971 1534 3091; x_wconf 88' lang='lat' dir='ltr'><strong>philosophia</strong></span> <span class='ocrx_word' id='word_1_134' title='bbox 1573 2975 1626 3068; x_wconf 88' lang='lat' dir='ltr'><strong>ab</strong></span> <span class='ocrx_word' id='word_1_135' title='bbox 1665 2977 1717 3062; x_wconf 90' lang='lat' dir='ltr'><strong>iis</strong></span> <span class='ocrx_word' id='word_1_136' title='bbox 1752 2974 1933 3090; x_wconf 87' lang='lat' dir='ltr'><strong>require·</strong></span> 
     </span>
     <span class='ocr_line' id='line_1_19' title="bbox 585 3111 1932 3234; baseline 0.001 -35"><span class='ocrx_word' id='word_1_137' title='bbox 585 3139 680 3220; x_wconf 88' lang='lat' dir='ltr'><strong>ret,</strong></span> <span class='ocrx_word' id='word_1_138' title='bbox 714 3114 847 3204; x_wconf 89' lang='lat' dir='ltr'><strong>modo</strong></span> <span class='ocrx_word' id='word_1_139' title='bbox 877 3115 1063 3232; x_wconf 88' lang='lat' dir='ltr'><strong>aliquam</strong></span> <span class='ocrx_word' id='word_1_140' title='bbox 1090 3116 1176 3204; x_wconf 88' lang='lat' dir='ltr'><strong>illis</strong></span> <span class='ocrx_word' id='word_1_141' title='bbox 1209 3112 1503 3231; x_wconf 86' lang='lat' dir='ltr'><strong>quaestionem</strong></span> <span class='ocrx_word' id='word_1_142' title='bbox 1537 3111 1792 3234; x_wconf 86' lang='lat' dir='ltr'><strong>proponeret</strong></span> <span class='ocrx_word' id='word_1_143' title='bbox 1810 3179 1832 3222; x_wconf 78' lang='lat'><strong>„</strong></span> <span class='ocrx_word' id='word_1_144' title='bbox 1858 3139 1932 3202; x_wconf 90' lang='lat' dir='ltr'><strong>aut</strong></span> 
     </span>
     <span class='ocr_line' id='line_1_20' title="bbox 586 3255 1936 3370; baseline 0.003 -28"><span class='ocrx_word' id='word_1_145' title='bbox 586 3256 784 3344; x_wconf 91' lang='lat' dir='ltr'><strong>mandata</strong></span> <span class='ocrx_word' id='word_1_146' title='bbox 819 3255 971 3362; x_wconf 90' lang='lat' dir='ltr'><strong>daret,</strong></span> <span class='ocrx_word' id='word_1_147' title='bbox 1010 3265 1049 3346; x_wconf 76' lang='grc' dir='ltr'><strong>δι</strong></span> <span class='ocrx_word' id='word_1_148' title='bbox 1086 3257 1305 3348; x_wconf 82' lang='lat' dir='ltr'><strong>interdum</strong></span> <span class='ocrx_word' id='word_1_149' title='bbox 1347 3259 1491 3370; x_wconf 86' lang='lat' dir='ltr'><strong>jocans</strong></span> <span class='ocrx_word' id='word_1_150' title='bbox 1526 3287 1676 3348; x_wconf 87' lang='lat' dir='ltr'><strong>eorum</strong></span> <span class='ocrx_word' id='word_1_151' title='bbox 1718 3255 1936 3348; x_wconf 75' lang='lat' dir='ltr'><strong>verboso·-</strong></span> 
     </span>
     <span class='ocr_line' id='line_1_21' title="bbox 582 3395 1930 3517; baseline 0.001 -33"><span class='ocrx_word' id='word_1_152' title='bbox 582 3425 647 3486; x_wconf 87' lang='lat' dir='ltr'><strong>res</strong></span> <span class='ocrx_word' id='word_1_153' title='bbox 680 3400 852 3490; x_wconf 89' lang='lat' dir='ltr'><strong>eliceret</strong></span> <span class='ocrx_word' id='word_1_154' title='bbox 882 3395 1099 3516; x_wconf 84' lang='lat' dir='ltr'><strong>epistolas.</strong></span> <span class='ocrx_word' id='word_1_155' title='bbox 1129 3403 1211 3516; x_wconf 86' lang='lat' dir='ltr'><strong>Ego</strong></span> <span class='ocrx_word' id='word_1_156' title='bbox 1238 3425 1336 3489; x_wconf 84' lang='lat' dir='ltr'><strong>vero</strong></span> <span class='ocrx_word' id='word_1_157' title='bbox 1363 3399 1579 3513; x_wconf 76' lang='lat' dir='ltr'><strong>expectabo</strong></span> <span class='ocrx_word' id='word_1_158' title='bbox 1605 3425 1688 3508; x_wconf 79' lang='lat' dir='ltr'><strong>ea,</strong></span> <span class='ocrx_word' id='word_1_159' title='bbox 1721 3427 1829 3517; x_wconf 83' lang='lat' dir='ltr'><strong>quae</strong></span> <span class='ocrx_word' id='word_1_160' title='bbox 1842 3401 1930 3514; x_wconf 86' lang='lat' dir='ltr'><strong>pol·</strong></span> 
     </span>
    </p>
   </div>
   <div class='ocr_carea' id='block_1_3' title="bbox 447 3537 1976 3668">
    <p class='ocr_par' dir='ltr' id='par_1_3' title="bbox 447 3537 1976 3668">
     <span class='ocr_line' id='line_1_22' title="bbox 447 3537 1976 3668; baseline 0 -42"><span class='ocrx_word' id='word_1_161' title='bbox 447 3543 450 3548; x_wconf 78' lang='grc'>’</span> <span class='ocrx_word' id='word_1_162' title='bbox 585 3543 724 3629; x_wconf 83' lang='lat' dir='ltr'><strong>licerls</strong></span> <span class='ocrx_word' id='word_1_163' title='bbox 763 3537 1007 3654; x_wconf 86' lang='lat' dir='ltr'><strong>(scribebat</strong></span> <span class='ocrx_word' id='word_1_164' title='bbox 1042 3541 1270 3658; x_wconf 88' lang='lat' dir='ltr'><strong>aliquando</strong></span> <span class='ocrx_word' id='word_1_165' title='bbox 1311 3544 1360 3631; x_wconf 87' lang='lat' dir='ltr'><strong>in</strong></span> <span class='ocrx_word' id='word_1_166' title='bbox 1396 3539 1499 3632; x_wconf 87' lang='lat' dir='ltr'><strong>haec</strong></span> <span class='ocrx_word' id='word_1_167' title='bbox 1532 3538 1666 3632; x_wconf 88' lang='lat' dir='ltr'><strong>ferme</strong></span> <span class='ocrx_word' id='word_1_168' title='bbox 1705 3543 1828 3632; x_wconf 88' lang='lat' dir='ltr'><strong>verba</strong></span> <span class='ocrx_word' id='word_1_169' title='bbox 1871 3541 1927 3628; x_wconf 87' lang='lat' dir='ltr'><strong>ad</strong></span> <span class='ocrx_word' id='word_1_170' title='bbox 1975 3663 1976 3668; x_wconf 7' lang='grc' dir='ltr'><strong><em>Ν</em></strong></span> 
     </span>
    </p>
   </div>
   <div class='ocr_carea' id='block_1_4' title="bbox 492 3669 1940 4514">
    <p class='ocr_par' dir='ltr' id='par_1_4' title="bbox 492 3669 1940 4514">
     <span class='ocr_line' id='line_1_23' title="bbox 492 3669 1940 3801; baseline 0.005 -36"><span class='ocrx_word' id='word_1_171' title='bbox 492 3671 496 3677; x_wconf 77' lang='grc'><strong>’</strong></span> <span class='ocrx_word' id='word_1_172' title='bbox 585 3669 826 3769; x_wconf 81' lang='lat' dir='ltr'><strong>Marstlium</strong></span> <span class='ocrx_word' id='word_1_173' title='bbox 858 3685 1062 3773; x_wconf 86' lang='lat' dir='ltr'><strong>Ficinum</strong></span> <span class='ocrx_word' id='word_1_174' title='bbox 1103 3715 1155 3773; x_wconf 89' lang='lat' dir='ltr'><strong>eo</strong></span> <span class='ocrx_word' id='word_1_175' title='bbox 1196 3710 1419 3801; x_wconf 87' lang='lat' dir='ltr'><strong>tempore,</strong></span> <span class='ocrx_word' id='word_1_176' title='bbox 1450 3711 1536 3800; x_wconf 92' lang='lat' dir='ltr'><strong>quo</strong></span> <span class='ocrx_word' id='word_1_177' title='bbox 1572 3681 1644 3773; x_wconf 89' lang='lat' dir='ltr'><strong>hic</strong></span> <span class='ocrx_word' id='word_1_178' title='bbox 1679 3682 1940 3774; x_wconf 38' lang='lat' dir='ltr'><strong>domimo-1</strong></span> 
     </span>
     <span class='ocr_line' id='line_1_24' title="bbox 583 3821 1928 3943; baseline 0.004 -36"><span class='ocrx_word' id='word_1_179' title='bbox 583 3849 685 3908; x_wconf 85' lang='lat' dir='ltr'><strong>rum</strong></span> <span class='ocrx_word' id='word_1_180' title='bbox 726 3825 1047 3914; x_wconf 81' lang='lat' dir='ltr'><strong>immortalitate</strong></span> <span class='ocrx_word' id='word_1_181' title='bbox 1088 3826 1278 3916; x_wconf 88' lang='lat' dir='ltr'><strong>Platonis</strong></span> <span class='ocrx_word' id='word_1_182' title='bbox 1313 3848 1504 3916; x_wconf 86' lang='lat' dir='ltr'><strong>mentem</strong></span> <span class='ocrx_word' id='word_1_183' title='bbox 1534 3824 1831 3943; x_wconf 81' lang='lat' dir='ltr'><strong>explicandam</strong></span> <span class='ocrx_word' id='word_1_184' title='bbox 1861 3821 1928 3912; x_wconf 93' lang='lat' dir='ltr'><strong>su-</strong></span> 
     </span>
     <span class='ocr_line' id='line_1_25' title="bbox 585 3959 1930 4088; baseline -0.001 -36"><span class='ocrx_word' id='word_1_185' title='bbox 585 3959 771 4080; x_wconf 84' lang='lat' dir='ltr'><strong>sceperat</strong></span> <span class='ocrx_word' id='word_1_186' title='bbox 797 3964 849 4079; x_wconf 86' lang='lat'><strong>),</strong></span> <span class='ocrx_word' id='word_1_187' title='bbox 893 3993 1024 4080; x_wconf 82' lang='lat' dir='ltr'><strong>neque</strong></span> <span class='ocrx_word' id='word_1_188' title='bbox 1070 3970 1267 4084; x_wconf 80' lang='lat' dir='ltr'><strong>exigam,</strong></span> <span class='ocrx_word' id='word_1_189' title='bbox 1298 3964 1383 4086; x_wconf 82' lang='lat' dir='ltr'><strong>sed</strong></span> <span class='ocrx_word' id='word_1_190' title='bbox 1420 3990 1544 4058; x_wconf 77' lang='lat' dir='ltr'><strong>erum</strong></span> <span class='ocrx_word' id='word_1_191' title='bbox 1595 3967 1695 4058; x_wconf 78' lang='lat' dir='ltr'><strong>nrihi</strong></span> <span class='ocrx_word' id='word_1_192' title='bbox 1753 3961 1930 4088; x_wconf 82' lang='lat' dir='ltr'><strong>gratiffl·</strong></span> 
     </span>
     <span class='ocr_line' id='line_1_26' title="bbox 585 4100 1939 4228; baseline -0.001 -34"><span class='ocrx_word' id='word_1_193' title='bbox 585 4105 685 4214; x_wconf 81' lang='lat' dir='ltr'><strong>mo,</strong></span> <span class='ocrx_word' id='word_1_194' title='bbox 714 4100 761 4219; x_wconf 77' lang='lat' dir='ltr'><em>st</em></span> <span class='ocrx_word' id='word_1_195' title='bbox 798 4102 1009 4221; x_wconf 86' lang='lat' dir='ltr'><strong>solveris.-</strong></span> <span class='ocrx_word' id='word_1_196' title='bbox 1039 4106 1127 4224; x_wconf 85' lang='lat' dir='ltr'><strong>stis</strong></span> <span class='ocrx_word' id='word_1_197' title='bbox 1160 4111 1267 4196; x_wconf 87' lang='lat' dir='ltr'><strong>enim</strong></span> <span class='ocrx_word' id='word_1_198' title='bbox 1307 4133 1336 4196; x_wconf 86' lang='lat' dir='ltr'><strong>a</strong></span> <span class='ocrx_word' id='word_1_199' title='bbox 1375 4131 1418 4198; x_wconf 83' lang='lat' dir='ltr'><strong>te</strong></span> <span class='ocrx_word' id='word_1_200' title='bbox 1449 4104 1698 4228; x_wconf 80' lang='lat' dir='ltr'><strong>praesertim</strong></span> <span class='ocrx_word' id='word_1_201' title='bbox 1731 4107 1939 4226; x_wconf 82' lang='lat' dir='ltr'><strong>suppedi·.</strong></span> 
     </span>
     <span class='ocr_line' id='line_1_27' title="bbox 586 4231 1925 4369; baseline 0.001 -35"><span class='ocrx_word' id='word_1_202' title='bbox 586 4253 672 4338; x_wconf 82' lang='lat' dir='ltr'><strong>rari</strong></span> <span class='ocrx_word' id='word_1_203' title='bbox 718 4248 851 4356; x_wconf 76' lang='lat' dir='ltr'><strong>ambis,</strong></span> <span class='ocrx_word' id='word_1_204' title='bbox 896 4249 964 4339; x_wconf 84' lang='lat' dir='ltr'><strong>uli</strong></span> <span class='ocrx_word' id='word_1_205' title='bbox 1004 4253 1164 4338; x_wconf 80' lang='lat' dir='ltr'><strong>animus</strong></span> <span class='ocrx_word' id='word_1_206' title='bbox 1213 4278 1268 4338; x_wconf 84' lang='lat' dir='ltr'><strong>ex</strong></span> <span class='ocrx_word' id='word_1_207' title='bbox 1310 4231 1452 4342; x_wconf 77' lang='lat' dir='ltr'><strong>rerum</strong></span> <span class='ocrx_word' id='word_1_208' title='bbox 1488 4253 1747 4368; x_wconf 81' lang='lat' dir='ltr'><strong>publicarum</strong></span> <span class='ocrx_word' id='word_1_209' title='bbox 1772 4251 1925 4369; x_wconf 83' lang='lat' dir='ltr'><strong>strepi·</strong></span> 
     </span>
     <span class='ocr_line' id='line_1_28' title="bbox 514 4386 1925 4514; baseline 0.004 -37"><span class='ocrx_word' id='word_1_210' title='bbox 514 4407 516 4410; x_wconf 79' lang='grc'><strong>’</strong></span> <span class='ocrx_word' id='word_1_211' title='bbox 586 4410 663 4500; x_wconf 78' lang='lat' dir='ltr'><strong>tu,</strong></span> <span class='ocrx_word' id='word_1_212' title='bbox 695 4386 751 4491; x_wconf 66' lang='lat' dir='ltr'><strong>da*</strong></span> <span class='ocrx_word' id='word_1_213' title='bbox 793 4415 918 4484; x_wconf 79' lang='lat' dir='ltr'><strong>aures</strong></span> <span class='ocrx_word' id='word_1_214' title='bbox 960 4396 1156 4494; x_wconf 72' lang='lat' dir='ltr'><strong>naulorum</strong></span> <span class='ocrx_word' id='word_1_215' title='bbox 1197 4393 1360 4490; x_wconf 65' lang='lat' dir='ltr'><strong>civium,</strong></span> <span class='ocrx_word' id='word_1_216' title='bbox 1387 4397 1558 4498; x_wconf 71' lang='lat' dir='ltr'><strong>coercitio</strong></span> <span class='ocrx_word' id='word_1_217' title='bbox 1610 4391 1793 4514; x_wconf 75' lang='lat' dir='ltr'><strong>deftssae</strong></span> <span class='ocrx_word' id='word_1_218' title='bbox 1816 4417 1925 4510; x_wconf 64' lang='lat' dir='ltr'><strong>eou-</strong></span> 
     </span>
    </p>
   </div>
   <div class='ocr_carea' id='block_1_5' title="bbox 0 0 2245 5858">
    <p class='ocr_par' dir='ltr' id='par_1_5' title="bbox 0 0 2245 5858">
     <span class='ocr_line' id='line_1_29' title="bbox 0 0 2245 5858; baseline 0 0"><span class='ocrx_word' id='word_1_219' title='bbox 0 0 2245 5858; x_wconf 95' lang='lat' dir='ltr'><strong> </strong></span> 
     </span>
    </p>
   </div>
  </div>
 </body>
</html>
