4472 5858
576 514 1052 606 meismes
1118 502 1334 598 Vtra
1491 533 1570 608 ooo

289 737 490 848 babeant,
518 757 567 827 ut
599 737 776 853 Apuliae
811 733 1020 828 littoribus
1059 757 1108 822 os
1141 725 1375 846 portubus,
1406 749 1483 812 uou
1512 718 1636 838 secus

289 909 418 1006 mque
453 883 505 970 iis
524 883 639 1000 ,qui
669 873 835 998 illorum
866 899 1022 998 potent
1050 874 1267 992 tinuerit,
1297 862 1474 986 superbe
1511 881 1638 978 atque

287 1031 457 1146 impune
494 1045 695 1116 utentum
730 1021 871 1146 Qus.
884 1017 1073 1136 oer'oefl
1112 1022 1186 1139 qui
1223 1012 1394 1106 Romani
1432 1003 1643 1120 Pontificis

284 1167 474 1292 infigerent
508 1157 778 1261 ambitionem
809 1155 940 1288 atque
978 1164 1204 1255 avaritiam
1221 1247 1232 1269 2
1242 1155 1445 1276 religionis
1461 1253 1464 1260 ,
1479 1149 1638 1260 involo-5

283 1337 370 1406 tom
392 1315 681 1432 integumentis
712 1345 790 1404 stou
815 1333 977 1420 cernat,
996 1307 1241 1422 minimeque
1270 1301 1404 1389 doleat
1433 1288 1641 1407 eum-qni

274 1441 575 1578 serrislioni
606 1456 711 1548 orbis
740 1456 942 1548 duninum
975 1451 1055 1544 dici
1089 1455 1208 1558 vult,
1238 1449 1407 1536 Suorum
1441 1432 1640 1555 cupidita:

285 1625 373 1694 tum
409 1599 480 1723 effe
513 1596 723 1719 statuturo?
752 1601 869 1725 ,Qis
900 1629 978 1692 nota
1019 1617 1286 1688 summovetur
1321 1585 1469 1682 oileus
1491 1575 1644 1670 ‘niorto‘

285 1750 451 1877 Comitis
479 1769 641 1836 tontum
663 1743 736 1864 effe
763 1747 994 1855 libidinem,
1025 1765 1073 1835 ut
1095 1769 1183 1832 cum
1202 1737 1307 1826 bouc
1320 1755 1474 1848 sapere
1503 1753 1551 1818 oc
1568 1718 1640 1840 fh·

274 1871 438 2002 slinere'
480 1917 558 1977 uon
589 1873 733 2009 potfflm
778 1889 1020 1982 Provinciae
1064 1887 1266 1974 Rmmuoe
1311 1875 1510 1978 ditiones,
1549 1891 1641 1957 tora·

287 2057 415 2150 quom
459 2030 603 2146 aliquo
647 2027 877 2149 colomitofia
917 2025 1159 2146 tempestas,
1194 2051 1242 2114 oo
1267 2017 1392 2138 pestis
1426 2013 1488 2103 od
1516 2011 1641 2104 Etru

289 2177 395 2262 riom
428 2173 665 2290 perurserit
688 2165 712 2262 i
733 2175 873 2264 -Hutoc
912 2169 1077 2290 putabit
1117 2157 1346 2284 quispiam,
1382 2153 1477 2250 cum'
1518 2149 1642 2244 'Etru

289 2319 356 2406 rio
378 2319 536 2434 potitus
553 2319 661 2427 erit,
677 2311 797 2434 sociis
827 2303 1185 2431 numeraturum?
1203 2306 1430 2398 Communis
1449 2291 1642 2416 esi-cous·

279 2457 359 2577 so,
399 2459 498 2550 mibi
529 2457 687 2550 credite
704 2524 718 2570 ,
738 2487 959 2550 ·oommuue
985 2459 1250 2574 pet·ioulum;
1285 2447 1478 2540 communi
1507 2435 1646 2558 studio

288 2603 387 2693 tolio
431 2599 693 2719 iumrobitos,
718 2623 940 2721 -touquom
984 2599 1217 2691 incendium
1257 2590 1458 2716 aliquod,
1503 2579 1644 2696 tostius

283 2745 452 2869 guendo
481 2743 566 2860 est.
597 2743 728 2867 ‚Quae
773 2773 974 2864 unquam
999 2746 1161 2835 utilitas
1192 2739 1303 2830 vobis
1332 2731 1498 2854 proponi
1517 2716 1646 2843 ,00²8st

289 2915 345 2978 ex
364 2889 507 3007 gratia
537 2885 595 2992 dn
625 2891 806 2980 ansioitia
838 2891 1105 2978 Romanorum
1137 2871 1414 2996 Pontificum?
1434 2869 1528 2990 Qi
1554 2889 1644 2976 ouon

288 3037 421 3130 otmtiu
468 3033 660 3151 referam
706 3029 766 3122 od
804 3029 1182 3150 coufituguiuoorum
1234 3019 1518 3119 ambitionem,
1565 3006 1642 3092 oli.-

290 3173 397 3292 quid
412 3175 581 3291 simper
613 3179 760 3265 novari
793 3181 963 3282 uolunt,
983 3171 1060 3290 spe
1102 3167 1211 3259 dubii
1251 3157 1502 3256 tourboleutis
1542 3174 1643 3262 tem·

282 3315 452 3435 poribus
489 3317 658 3432 fiteilius
682 3315 854 3440 sepoffl·
880 3317 1019 3406 honori
1048 3309 1250 3427 velificari
1266 3304 1489 3427 flaooilioe..
1515 3301 1644 3399 Prae,-

292 3481 362 3549 ter
399 3485 522 3579 quom
562 3459 691 3579 quod·
713 3465 879 3579 infirmo
917 3457 975 3564 dor
1023 3445 1163 3548 dubia
1195 3445 1267 3570 effi
1300 3446 1442 3566 solent
1466 3433 1644 3557 substdio

291 3601 553 3714 Pontificmn,
590 3603 701 3722 quod
722 3622 877 3724 paucos
910 3599 967 3706 (φ
1006 3606 1172 3721 ignarus
1199 3597 1317 3682 alant
1353 3589 1532 3692 milites,
1569 3577 1644 3688 doo-

292 3739 478 3860 sibusque
511 3772 717 3848 coreont;
749 3747 862 3866 quod
901 3759 1041 3834 eorum
1065 3736 1274 3854 publicum
1314 3731 1527 3821 aerarium
1566 3725 1645 3836 uite

289 3880 592 3996 domesticorum
626 3887 918 4005 cupiditatibus
942 3883 1158 4003 fioffioiot;
1207 3875 1395 3996 quodque
1434 3875 1479 3961 iu
1517 3869 1646 3982 pluro

295 4021 353 4128 θ’
381 4031 590 4117 contraria
604 4029 750 4142 studia
778 4029 1079 4144 distrabantur·
1093 4029 1268 4117 homiues
1296 4024 1538 4136 plerumque
1574 4031 1645 4094 'ae-

295 4187 384 4258 tote
414 4169 568 4283 iotfinui
580 4236 593 4280 ,
613 4174 687 4290 qui
705 4171 785 4292 spe
820 4172 982 4291 obscura
999 4159 1166 4287 steropen
1185 4146 1644 4284 pendeus,·quilosooe

180 4381 182 4385 .
296 4335 378 4398 mos
397 4309 485 4428 effe
506 4311 613 4431 solet
644 4317 894 4405 tmtroriuou
928 4315 1226 4403 decernerem
1258 4303 1396 4418 pesullo
1435 4314 1533 4383 astte
1574 4286 1643 4397 de·

297 4447 457 4570 oeffmes
492 4453 563 4572 firi
612 4453 887 4549 decreverant
910 4527 919 4547 .
940 4483 945 4492 ·
963 4456 1052 4547 Non
1092 4443 1272 4570 profedo
1321 4438 1432 4534 vobis
1475 4431 1645 4529 aliunde

1092 4593 1136 4682 0
1541 4627 1543 4633 .
