4474 5858
657 491 741 614 ¹:9³
860 483 1768 592 LaunauuraMuorors

468 812 472 822 Ι
590 732 716 820 quem
744 731 851 795 nunc
886 701 1133 822 postremum
1166 707 1350 798 uidetis.
1391 707 1547 826 Neque
1588 709 1732 800 multo
1760 699 1854 824 post
1888 702 1933 798 se

591 853 643 938 in
666 848 986 968 Careggianum
1015 854 1229 958 contulit,
1261 853 1338 940 ubi
1366 880 1439 970 per
1470 849 1656 940 mensem
1685 846 1784 946 latis
1813 849 1932 965 qui-tr

591 1017 651 1095 tej
680 995 791 1084 vixit
831 975 933 1083 cum
974 987 1249 1086 familiaribus
1292 990 1414 1086 suis.
1458 997 1628 1086 Habuit
1663 992 1749 1090 hoc
1794 987 1925 1092 maxi

589 1127 663 1231 me
697 1159 887 1252 tempore
932 1130 1075 1223 lecum
1118 1137 1230 1222 viros
1270 1135 1461 1228 dodlrina
1500 1147 1541 1228 δι
1582 1135 1787 1254 religione
1828 1123 1928 1218 inlis

586 1306 719 1398 goes,
748 1276 918 1389 horda
960 1281 1054 1395 quis
1097 1277 1316 1396 scrupulus
1346 1284 1492 1371 animo
1521 1277 1599 1372 luo
1631 1277 1671 1376 sn
1701 1273 1742 1366 se
1772 1273 1826 1362 de
1856 1301 1929 1368 an·-

584 1423 724 1512 rearla
764 1427 853 1512 vita
895 1415 1087 1530 offerret,
1123 1425 1316 1540 quotidie
1355 1419 1607 1514 consulens.
1651 1422 1780 1536 Saepe
1822 1443 1952 1530 quoe¹

586 1591 673 1681 que
703 1565 755 1652 ad
785 1593 884 1656 eum
923 1567 1177 1673 veniebant,
1208 1591 1448 1682 extremum
1489 1561 1686 1682 spiritum
1727 1582 1929 1676 exceptu·

586 1701 630 1796 'ri
671 1707 889 1820 hominis,
921 1710 967 1800 in
1008 1739 1096 1829 quo
1140 1705 1323 1824 majestas
1361 1707 1640 1825 Reipubllcee
1683 1707 1828 1796 vivere
1866 1699 1932 1810 vi·

590 1849 792 1963 debatur,
807 1857 1020 1973 primores
1049 1855 1237 1960 civium,
1257 1881 1364 1969 quos
1394 1879 1497 1938 eum
1528 1851 1724 1960 videbat,
1748 1851 1800 1938 iis
1830 1843 1932 1936 libe·

584 2025 662 2086 ·ros
698 1994 794 2089 suos
834 1991 1123 2088 amantillinais
1166 1995 1303 2086 verbis
1345 1994 1705 2102 commendabat,
1736 1990 1932 2085 hortaba-

590 2165 769 2258 turque,
799 2167 850 2232 ut
880 2167 953 2260 per
974 2135 1085 2257 ipsos
1116 2139 1267 2228 civitas
1297 2141 1448 2257 opibus
1479 2136 1628 2245 firma,
1652 2137 1788 2253 copiis
1803 2135 1925 2226 locu·

589 2281 709 2394 ples,
738 2283 874 2399 gloria
904 2281 1071 2399 ampla,
1100 2284 1262 2372 virtute
1292 2279 1462 2374 honesta
1500 2279 1629 2388 edet,
1661 2276 1785 2392 cujus
1826 2301 1928 2390 ope·

597 2421 682 2524 ris,
725 2425 900 2512 maximi
941 2427 1052 2514 inter
1104 2425 1298 2516 homines
1350 2449 1475 2539 atque
1526 2424 1712 2541 optimi,
1759 2417 1935 2508 Petrum

594 2561 723 2648 etiam
762 2556 906 2650 filium
933 2561 1168 2654 effestorem
1200 2565 1290 2658 fore
1321 2600 1410 2658 non
1441 2563 1707 2684 desperabat.
1741 2563 1934 2677 Quapro-

592 2724 688 2820 pter
717 2700 783 2790 illi
812 2697 966 2794 affidue
997 2704 1262 2797 saluberrima
1293 2707 1466 2830 consilia
1496 2711 1645 2817 dabar,
1676 2737 1723 2806 ea
1753 2699 1934 2822 praeser-

593 2847 675 2935 tim
702 2847 951 2964 exquirens,
977 2875 1082 2964 quae
1104 2848 1157 2937 ad
1189 2853 1466 2958 concordiam
1498 2855 1662 2942 civium
1685 2857 1726 2936 δι
1752 2848 1808 2932 nd
1837 2841 1936 2928 uni·

595 2983 736 3078 versae
783 2989 924 3080 ltaliae
975 2993 1347 3108 tranquillitatem.
1373 2988 1705 3084 conservandam
1752 2979 1935 3101 pertine·

593 3127 723 3220 bant.
742 3131 872 3245 Quod
902 3129 989 3252 ipse
1020 3135 1181 3225 multos
1212 3159 1414 3242 noverat,
1442 3133 1596 3251 quibus
1627 3123 1936 3250 periculosa&

597 3271 752 3360 callida
787 3272 960 3364 consilia
986 3280 1144 3395 quietis
1173 3287 1214 3370 δι
1245 3279 1445 3398 cogitatis
1486 3283 1527 3367 &
1568 3273 1850 3394 splendidiora
1894 3274 1936 3358 δι

577 3415 759 3529 majora
788 3414 1063 3524 videbantur,
1082 3417 1287 3537 aliosque,
1311 3422 1467 3536 quibus
1497 3419 1735 3536 antiquiora
1762 3413 1938 3520 omnia,

596 3587 727 3676 quam
757 3557 888 3664 dectus
917 3565 959 3650 &
1001 3561 1158 3677 patriae
1195 3563 1371 3664 caritas,
1405 3557 1512 3670 (illi
1541 3561 1659 3650 enim
1689 3583 1809 3650 erant
1839 3584 1932 3644 mo·

581 3723 661 3786 ares
693 3697 1077 3804 Florentinorum,
1102 3727 1160 3787 ut
1195 3699 1382 3792 admixta
1423 3699 1536 3816 plebi
1566 3699 1788 3790 nobilitate
1817 3693 1936 3786 facil·

597 3833 717 3932 lime,
734 3839 920 3958 pertibus
950 3831 1000 3928 au
1032 3837 1310 3932 seditionibus
1337 3839 1617 3934 inficerentur
1625 3907 1641 3952 ,,
1667 3871 1744 3930 nec
1777 3840 1938 3956 Reipu-

601 3972 739 4064 blicae
770 3983 935 4092 pondus
966 3980 1194 4092 sustinere,
1224 4013 1362 4102 neque
1399 3980 1612 4077 servitutis
1654 3983 1805 4104 jugum
1850 3979 1940 4098 pati

596 4114 717 4240 polle
746 4118 1028 4236 viderentur)
1056 4127 1278 4238 quomodo
1310 4130 1357 4218 hi
1389 4129 1612 4223 molliendi
1641 4157 1691 4218 ac
1733 4125 1939 4218 delinien-

584 4263 652 4352 di
684 4258 813 4351 ellent
846 4263 1059 4372 docebat,
1098 4293 1149 4352 ac
1192 4291 1288 4354 vere
1327 4268 1743 4382 saepepraedicebat
1781 4257 1939 4378 quanta

604 4401 736 4502 efftnt
774 4407 1005 4506 metuenda
1035 4407 1223 4528 pericula
1266 4415 1309 4500 δι
1336 4407 1474 4534 mala,
1510 4401 1545 4504 ,fi
1581 4405 1677 4522 qun
1717 4397 1830 4508 forte
1864 4425 1943 4510 aut
