4474 5858
572 462 1044 584 Mnorrttrer
1104 465 1372 580 Vtra⁸¹
1489 495 1575 578 2¹3

302 678 384 778 suis
414 683 578 778 sedibus
610 686 910 778 Mediceorum
941 681 1181 798 familiam,
1208 687 1538 806 Rempublicam
1568 713 1642 804 pe·

303 853 357 920 ne
387 828 596 940 deletam,
622 833 948 940 terrore‚·lusbu
976 833 1136 948 ubique
1165 827 1311 948 pusstm
1342 833 1488 922 omnia
1519 859 1640 918 com·

303 969 443 1085 pleta?
477 975 564 1092 Vel
593 1005 641 1062 ea
682 971 787 1094 ipsa.
810 975 1050 1067 litterarum
1092 985 1135 1065 &
1174 977 1332 1065 artium
1351 1082 1355 1092 Ι
1375 973 1643 1064 Graecarum
1775 997 1778 1004 ·

302 1111 637 1236 Latinarumque
669 1147 951 1222 monumenta
991 1115 1164 1208 infinito
1200 1117 1346 1241 labore
1381 1147 1430 1206 ac
1467 1114 1646 1234 sumptu

305 1257 498 1378 undique
536 1291 559 1352 a
589 1263 823 1355 Laurentio
854 1288 1097 1382 comparata
1120 1327 1145 1371 ,.
1164 1289 1282 1378 quae.
1302 1291 1392 1386 non
1432 1262 1511 1350 uni
1544 1289 1640 1348 mo-

305 1397 366 1490 do
395 1400 570 1515 domui,
595 1404 666 1530 sed
691 1406 906 1498 uniuersae
936 1411 1064 1498 etiam
1097 1405 1264 1496 civitati
1295 1385 1491 1524 fingulari
1522 1427 1643 1491 eraut

308 1571 587 1659 ornamenm,
613 1553 793 1644 minime
817 1555 1101 1645 inimicorum
1132 1543 1339 1640 ferociam
1370 1556 1412 1638 δι
1444 1547 1646 1636 immani·

308 1709 443 1778 tatem
480 1690 798 1804 cohibuerunt,
835 1693 892 1784 fic
921 1722 971 1784 nt
1016 1695 1062 1783 in
1104 1717 1220 1782 tanta
1262 1721 1403 1815 rerum
1447 1691 1649 1781 omnium

308 1828 523 1924 everfione
568 1861 693 1954 atque
732 1838 876 1958 cuim¹
903 1837 1083 1954 quilibet
1126 1833 1216 1926 suo.
1245 1813 1349 1926 sletu
1388 1831 1645 1924 desuderium

309 1971 530 2098 Laurentii
561 1983 898 2102 memoriamque
928 2005 1171 2072 renovaret.
1199 1973 1370 2085 Miseri,
1388 1975 1552 2083 afflicti,
1583 2004 1649 2064 ae·
1761 1974 1767 2003 ‘

311 2117 527 2227 rumnost‚
560 2123 796 2214 calamitosi
832 2157 981 2216 omnes
1013 2127 1046 2214 ii
1081 2121 1274 2211 doilrinu
1300 2117 1551 2240 praestantes
1586 2119 1652 2208 vi·

312 2263 381 2368 ti,
410 2263 563 2380 quibus
595 2261 790 2382 splendor
821 2261 1043 2360 Laurentii
1071 2265 1243 2355 virtutis
1273 2266 1517 2374 inluxerat,
1558 2262 1647 2352 hoc

312 2405 532 2514 mindo,
566 2407 716 2518 illam,
741 2439 870 2526 quam
901 2438 1009 2503 tum·
1029 2411 1260 2516 vivebant,
1284 2439 1373 2498 non
1403 2405 1480 2497 else
1517 2407 1656 2495 vitam

296 2547 642 2658 ·arbitrabantur;
664 2583 806 2670 quare·
823 2585 1018 2672 moerore
1051 2557 1198 2672 magis,
1225 2580 1354 2671 quant
1373 2552 1532 2642 morbis
1551 2575 1658 2636 con-

314 2681 413 2776 fecti
445 2719 536 2810 non
564 2695 707 2784 multo
736 2693 827 2814 post
857 2701 998 2788 obmre
1029 2695 1294 2801 Politianus‚
1328 2697 1501 2784 Ficinus
1527 2755 1540 2798 ‚
1566 2684 1657 2774 Mi-

315 2829 518 2938 undula,
543 2833 851 2945 Landinius,&
881 2841 958 2953 qui
987 2839 1162 2927 Patauio
1193 2835 1356 2926 acciuts
1379 2829 1551 2956 suerat,
1580 2828 1661 2916 ubi

315 2971 578 3062 medicinam
597 2974 802 3084 docebat,
826 3003 877 3068 ut
905 2977 1092 3096 remedia
1122 3009 1251 3100 aegro
1275 2977 1508 3068 Laurentio
1538 2967 1661 3060 adhi-

316 3113 458 3223 beret,
477 3117 625 3206 Petrus
644 3120 831 3212 Leonius
845 3185 861 3230 r
877 3122 1037 3212 doloris
1068 3123 1281 3240 impetum
1305 3151 1393 3212 non
1425 3114 1662 3217 sustinens,
1780 3095 1789 3112 ’

317 3259 366 3350 in
395 3287 574 3378 puteum
609 3261 693 3352 lese
721 3263 937 3376 conjecit..
960 3263 1081 3382 Non
1112 3298 1185 3356 mc
1212 3270 1317 3358 latet
1345 3261 1589 3354 multorum
1610 3283 1663 3343 ac

318 3395 555 3519 praesertim
590 3407 731 3496 Actii·
757 3407 937 3524 Synceri
969 3407 1219 3499 Sannazarii
1252 3407 1504 3528 opinionem
1540 3393 1665 3490 fuisse

319 3541 367 3631 id
401 3545 515 3636 Petri
546 3543 731 3664 Medicis
759 3542 954 3640 saevitiae
986 3551 1297 3660 tribuendum,
1327 3558 1367 3640 ἃ
1398 3571 1585 3668 patratae
1610 3539 1668 3658 ab

320 3716 378 3782 eo
405 3691 518 3776 necis
549 3715 852 3808 argumentum
883 3687 963 3781 esse
1003 3723 1211 3811 poenam,
1243 3721 1372 3810 quam
1410 3690 1487 3780 suo
1520 3707 1665 3806 parent

322 3823 468 3942 sceleri
498 3829 583 3950 ipse
614 3829 820 3950 suscepit:
844 3861 943 3922 nam
966 3864 992 3920 a
1020 3817 1142 3926 clade
1169 3833 1401 3923 Gallorum
1420 3829 1488 3920 ad
1513 3823 1668 3948 Lyrinu

323 3967 544 4090 aufugiens
569 3975 614 4062 vi
644 3968 898 4106 tempestatis
928 3973 1130 4064 fluctibus
1163 3977 1334 4086 jacimus
1359 3967 1454 4090 ipso
1476 3975 1522 4056 in
1554 3961 1665 4054 ostio

325 4110 595 4225 naufragium
636 4107 765 4200 fecit,
802 4111 883 4199 Sed
915 4145 997 4229 ego
1037 4115 1302 4234 potissumum
1332 4111 1551 4201 Politiono
1576 4132 1670 4236 cre-s

326 4253 410 4360 do,
441 4251 515 4364 qui
556 4245 702 4364 sponte
733 4258 793 4338 aiu
824 4254 899 4340 fibi
930 4281 1119 4342 mortem
1146 4257 1359 4342 Lennium
1390 4243 1665 4384 conscivisser

330 4389 488 4486 Homo
515 4395 659 4502 enim,
685 4393 760 4510 qui
803 4422 896 4484 non
935 4389 1115 4488 obscure
1154 4395 1444 4518 valetudinem
1473 4390 1668 4485 Lauren·
