4492 5860
662 527 722 587 ro
846 437 1374 588 uio-rrum:
1393 485 1751 596 Mentore

602 718 724 808 erent'
754 715 900 805 animo
930 744 954 804 a
985 714 1223 824 Μεάἰεείε,Ι
1246 715 1411 833 ajebant
1430 706 1749 842 oblednmentt
1778 721 1819 812 δι’
1845 701 1955 812 l'olt·

586 865 663 952 ‘tia
692 855 926 950 servituris
936 861 1047 950 ab'
1019 889 1070 950 us
1099 862 1278 980 populo
1291 861 1410 970 deri,
1433 869 1474 952 δι
1503 889 1724 982 nunquam
1750 860 1842 955 for'e
1872 864 1955 956 lae·

603 1003 689 1092 tius
718 998 1026 1120 specleculurn,
1057 1034 1186 1123 quant
1229 1001 1335 1095 dum
1378 1004 1617 1124 tyrannidis
1652 1008 1839 1100 nudiores
1880 1031 1957 1104 aut

586 1175 628 1236 e
646 1147 751 1252 ,vite
796 1147 1080 1253 tollerentur,
1111 1171 1186 1237 aut
1216 1149 1262 1238 in
1293 1145 1466 1238 ultimas
1507 1175 1653 1240 terres·
1683 1151 1955 1243 amandaren-

602 1315 674 1380 tur
691 1301 705 1376 '.
736 1287 982 1408 Comnriffis
1012 1291 1157 1402 ludis,
1188 1319 1394 1411 magnum
1426 1315 1641 1384 certamen
1671 1289 1758 1386 fuit
1788 1281 1954 1414 mugni-

602 1431 817 1526 fic'entiae
843 1461 969 1554 atque
992 1439 1212 1548 uirtutis,
1248 1441 1290 1526 δι
1319 1465 1423 1528 cunr
1465 1455 1613 1528 omnes
1642 1431 1807 1530 vicillct
1844 1435 1954 1530 Lau-

601 1582 767 1672 rentius
812 1575 1004 1672 certandi
1042 1605 1158 1692 erte,
1200 1573 1509 1698 &splendore
1551 1577 1955 1700 pulchritudineque
1997 1691 2000 1696 ¹

602 1718 805 1834 vestium,
835 1751 938 1842 quas
967 1721 1086 1815 dono
1117 1749 1335 1842 acceperat
1380 1753 1405 1813 a
1436 1719 1825 1814 Mediolanenfium
1859 1726 1954 1816 Du·

601 1895 676 1976 ce,
709 1865 952 1958 videbatur.
972 1897 1092 1986 agere
1136 1897 1226 1960 non
1255 1863 1392 1959 modo
1433 1895 1486 1960 ex
1525 1867 1646 1957 vidlit
1663 1929 1677 1976 ‚
1694 1913 1697 1920 .
1713 1862 1802 1956 led'
1825 1869 1956 1960 etiem

601 2037 652 2100 ex
687 2009 969 2102 inimicorum
1005 2009 1155 2102 dolore
1192 2007 1486 2128 triumphurn.
1503 2065 1506 2072 ·
1522 2005 1619 2101 Poll
1636 1997 1858 2100 'ludorum
1888 2027 1957 2098 ce·

600 2148 894 2242 lebretion'enr·
922 2152 1005 2241 elia
1034 2149 1279 2269 spedlnculc'
1298 2151 1367 2242 edi
1396 2149 1598 2269 placuit(
1617 2153 1666 2240 ln
1708 2148 1773 2240 his
1817 2150 1955 2240 trium

602 2291 776 2409 Regum
800 2289 855 2380 ad
873 2287 1094 2382 Christum
1125 2319 1274 2384 natum
1299 2291 1527 2401 adventus,
1549 2321 1735 2412 quorum
1754 2283 1956 2382 omnium

603 2461 709 2522 cum
744 2429 1022 2526 elietsseudlor
1058 2431 1305 2552 splendidus·
1330 2433 1619 2544 Laurentius,
1650 2435 1833 2526 omnino
1862 2455 1957 2552 per·

489 2632 496 2639 -
601 2570 771 2666 suadere
815 2573 984 2668 volebat
1010 2573 1277 2668 ‚hominibus
1311 2578 1552 2698 'publicam‘
1583 2571 1955 2697 magnificentiam

601 2725 776 2810 tantum·
803 2717 844 2812 se
874 2719 1077 2840 diligere,
1118 2746 1329 2837 quantum
1369 2723 1581 2837 privatam
1610 2720 1825 2810 luxuriam
1855 2712 1958 2806 ode·

600 2887 667 2950 ret
686 2901 706 2950 ‚¹
725 2857 822 2952 Post
839 2861 956 2954 haec
999 2866 1212 2982 conjurati
1255 2890 1424 2982 ternpus
1465 2858 1958 2953 interficiendi·Petrum

579 3013 795 3124 -quaenere
825 3001 1127 3100 instituerunt.
1162 3007 1210 3098 ld
1240 3006 1473 3098 Laurentio
1502 3005 1631 3096 celari
1661 3031 1750 3094 non
1779 3000 1956 3118 potuit:

447 3137 450 3144 ’
601 3171 688 3241 erat
705 3153 823 3242 enini
841 3149 911 3240 vel
936 3179 959 3240 a
984 3150 1122 3270 prima
1139 3145 1430 3242 'adolescentia
1454 3179 1503 3241 ea
1532 3147 1781 3268 sagaciore,
1799 3153 1858 3232 'ut
1887 3135 1958 3227 de-

578 3295 688 3411 cipi
716 3323 807 3384 non
851 3289 1014 3411 pollet,
1060 3292 1305 3414 praesertim
1341 3323 1446 3384 cum
1480 3294 1676 3381 animum
1697 3277 1954 3380 ·atrendillet

597 3433 654 3540 ad
683 3431 949 3526 cavendum.
968 3435 1111 3551 ltaque
1140 3463 1244 3524 cunr
1273 3461 1298 3522 e
1328 3432 1566 3546 Caregiano
1591 3429 1852 3518 Florentiam
1881 3421 1959 3510 Pe·

602 3599 693 3666 trus
722 3578 896 3686 lectior,
922 3577 1040 3696 quod
1061 3576 1277 3695 'podagrae
1305 3571 1525 3664 doloribus
1548 3567 1634 3658 fere
1663 3563 1826 3684 lenrper
1856 3589 1956 3652 cru·

602 3720 786 3812 citretur
814 3723 1040 3846 maximis,
1057 3715 1171 3808 ‘ferri
1202 3717 1400 3822 deberet,
1430 3707 1629 3832 persuasit
1669 3709 1736 3800 illi
1763 3708 1957 3814 Lauren·¹

545 3877 548 3884 '
601 3858 711 3972 tius,
728 3887 794 3952 ut·
809 3861 936 3952 devio
965 3867 1015 3950 δι’
1037 3856 1244 3974 longiori¹
1262 3860 1413 3948 itinere
1448 3853 1692 3947 incederet.
1725 3849 1813 3970 lpse
1844 3852 1955 3947 inte·

601 4007 685 4096 rim
716 4019 829 4121 equo
859 4003 1065 4096 advectus·
1084 4002 1193 4092 'redte
1222 3999 1304 4088 ivit
1333 3999 1441 4106 via,
1458 3999 1505 4090 in
1533 4025 1615 4115 que
1657 4023 1761 4092 curn
1790 3993 1955 4084 multos

602 4173 786 4240 armatos
813 4139 1072 4254 offendillet,
1090 4141 1537 4238 timorem-occultans
1557 4135 1890 4232 dciscitnntilurtr¹
1902 4133 1958 4228 de

603 4290 730 4402 patris
759 4286 889 4384 salute
918 4284 1135 4409 respondit
1171 4317 1261 4380 non
1297 4288 1431 4406 longe
1462 4285 1597 4378 illurn
1619 4279 1773 4374 abelle.
1805 4277 1959 4368 Petrus

602 4431 764 4542 intem
781 4434 952 4528 litteras
991 4459 1016 4524 ²
1047 4429 1210 4542 Ioanne
1240 4427 1478 4530 Bentivolo
1508 4425 1727 4524 Bononiae
1756 4421 1957 4540 Principe
