4492 5860
659 529 733 611 '52
856 505 1762 604 L··a.un'rnrrtbsaorore

451 775 455 784 ·
616 723 732 844 posse
751 725 1003 818 liberalitate
1032 729 1121 834 uti,
1141 726 1327 817 dumne
1356 729 1666 848 patrimonium
1692 723 1962 829 exhauriret,

616 872 857 962 maximum
874 867 1103 986 --pecuniac
1150 865 1341 960 fruslum
1381 872 1460 962 cll'e
1502 869 1790 962 existimabat.
1828 867 1960 982 Saepe

613 1011 759 1101 aderat
791 995 981 1128 praesens
1026 1014 1072 1101 in
1103 1013 1427 1102 concertatoriis
1456 1011 1632 1106 illorum
1661 1007 1959 1129 disputationi·

615 1159 719 1263 bus,
749 1155 940 1272 &³quod
971 1159 1173 1248 nonnulli
1203 1187 1255 1248 ex
1286 1157 1337 1245 iis
1368 1181 1489 1246 erant.
1514 1187 1606 1246 non
1640 1156 1775 1246 modo
1815 1149 1968 1272 obttcf

614 1301 791 1390 &atores
830 1305 871 1387 &
919 1298 1142 1392 adversarii
1172 1299 1375 1408 laudum,
1406 1297 1476 1392 sed
1506 1303 1638 1392 etiarn
1668 1293 1879 1420 seditiosu,
1909 1287 1958 1382 id

613 1442 787 1534 curabat
821 1465 875 1534 ut
904 1438 1011 1536 socii
1053 1447 1198 1564 potius
1242 1451 1282 1536 δι
1324 1441 1544 1536 consortes
1584 1439 1755 1565 gloriosi
1800 1435 1957 1532 laboris

612 1583 773 1697 essent,
806 1587 1078 1679 &laudabili
1122 1589 1410 1683 aemulatione
1439 1581 1554 1680 sese
1596 1585 1650 1674 ad
1691 1577 1956 1702 amplifican-

581 1727 722 1820 'dum
736 1761 739 1766 ·
753 1729 1015 1825 Academiae
1061 1733 1191 1826 decus
1225 1757 1533 1854 provocarent.
1565 1730 1740 1855 Harum
1781 1749 1955 1818 contro·

507 1897 508 1902 ‘
610 1871 841 1964 versrarum
872 1875 1009 1967 caussa
1039 1879 1270 1970 Soccinius
1296 1873 1351 1968 ad
1381 1877 1574 1966 Venetos
1614 1869 1787 1968 transrre
1817 1877 1858 1960 δι
1888 1868 1953 1958 Α·

608 2017 850 2110 cademiam
879 2015 1012 2137 ipsam
1041 2018 1231 2112 deserere
1257 2017 1507 2110 deliberavit
1536 2049 1589 2110 eo
1619 2043 1836 2136 tempore,
1866 2041 1957 2127 quo

608 2157 742 2250 fidem
789 2159 908 2250 suam
957 2165 1088 2254 tertio
1141 2166 1182 2254 ei
1225 2165 1517 2282 obligaverat.
1561 2157 1826 2251 Occultandi
1878 2150 1956 2270 igi·

610 2323 680 2391 tur
711 2331 760 2390 ac
790 2295 1077 2394 dissimulandi
1106 2299 1303 2394 discessus
1332 2301 1467 2394 caussa
1496 2305 1680 2398 multam
1716 2309 1758 2392 dc
1793 2300 1956 2388 lautam

609 2439 940 2560 supellectilem,
976 2444 1221 2565 praesertim
1263 2447 1502 2555 librorum,
1533 2449 1586 2538 in·
1631 2443 1737 2536 vafis
1780 2441 1956 2534 vinariis

609 2587 836 2698 condidit,
860 2593 920 2680 -&
966 2585 1054 2709 ipse
1094 2594 1226 2682 nosiu
1265 2587 1471 2712 aufugit.
1514 2581 1868 2708 Comprehensos
1907 2585 1956 2674 in

609 2757 822 2822 carcerem
853 2729 1093 2826 Florentiae
1121 2735 1380 2852 conjicitur,
1401 2742 1443 2828 δι
1468 2731 1601 2860 laesae
1625 2725 1848 2847 majestatis
1869 2727 1955 2816 cti·

572 2909 577 2920 ·
608 2877 726 2964 mine
759 2874 1006 2969 damnatur.
1040 2873 1164 2970 Huic
1205 2881 1321 2998 turpi
1362 2873 1526 2992 judicio
1568 2873 1763 2966 audasler
1792 2868 1955 2963 obstitit

473 3097 474 3102 a
605 3014 883 3129 ¹Laurentius,
914 3022 987 3110 ille
1016 3019 1221 3141 usurpans
1262 3021 1423 3112 verba.-
1464 3023 1729 3111 excellentem
1774 3018 1819 3106 in
1857 3035 1954 3102 ane

606 3163 707 3252 mori
735 3193 816 3254 non
847 3161 1031 3264 aetem
1060 3194 1200 3284 neque
1227 3161 1369 3257 solum
1397 3195 1535 3285 poena
1569 3163 1698 3256 illum
1735 3154 1953 3266 liberavit,

605 3297 677 3393 sed
708 3308 840 3396 etiarn
870 3301 1035 3418 effecit,
1066 3335 1119 3401 nt
1141 3312 1196 3401 in
1225 3309 1462 3402 triennium
1492 3307 1568 3402 ille
1595 3305 1755 3400 iterum
1785 3297 1952 3392 condo·

605 3471 774 3537 ceretur
803 3447 856 3536 ad
888 3445 1142 3540 Caesareum
1184 3449 1250 3565 jus
1289 3451 1561 3572 docendum4
1603 3449 1723 3538 mille
1763 3447 1949 3547 floreno.-

605 3613 704 3674 rum
731 3585 946 3706 stipendio
971 3595 1110 3685 eidem
1140 3591 1370 3714 assignato.
1402 3591 1588 3684 Curavit
1620 3593 1778 3698 etiem,
1809 3613 1862 3680 ut
1891 3581 1953 3678 se·

605 3729 692 3819 mel
736 3731 974 3850 iterumque
1012 3736 1170 3831 rediret
1201 3737 1254 3826 ad
1291 3737 1572 3828 Academiam
1612 3732 1832 3855 Philippus
1863 3731 1952 3822 De·

605 3872 730 3973 einer
761 3870 833 3964 sed
862 3905 1004 3996 neque
1032 3881 1310 3994 muneribus,
1340 3911 1489 4003 ⁴neque
1527 3878 1725 3974 bonitate
1765 3871 1950 3974 incredi-

491 4011 493 4018 ’
599 4015 678 4108 bili
722 4007 881 4132 lenire,
918 4051 975 4114 ne
1015 4023 1159 4115 dicem
1195 4022 1339 4118 sanare
1378 4027 1524 4148 potuit
1566 4022 1759 4116 hominis
1799 4017 1950 4112 turbu·

602 4162 817 4261 lentilsrmi
847 4170 954 4260 iram
968 4208 988 4279 ‚·
1017 4173 1330 4280 temeritatem,
1360 4165 1715 4274 inconstantiam,
1733 4167 1809 4285 qui
1843 4187 1948 4254 cum

602 4307 779 4400 demum
808 4343 955 4432 graves
985 4318 1026 4405 dt
1057 4309 1315 4405 miserabiles
1358 4310 1481 4408 casur
1522 4305 1733 4434 perpessus
1770 4297 1949 4410 fuisset.

601 4445 742 4546 effecit
771 4483 825 4545 ut
845 4465 951 4550 'vere
979 4458 1145 4552 uinum
1173 4458 1395 4576 videatur,
1415 4453 1489 4578 sus
1508 4457 1672 4578 casque
1696 4477 1827 4546 wel
1850 4443 1952 4572 sss·
