4474 5858
558 466 1305 564 Macatrrctvrrn
1489 500 1565 560 211

283 693 428 808 prium
463 691 553 803 ejus
567 690 762 810 familiae
791 689 1086 782 detrimentum
1109 669 1455 812 portenderetur.
1482 686 1565 776 Sed
1581 681 1638 788 Θ·

286 835 398 922 illud
428 835 680 928 memorabile
691 901 708 946 ,,
727 837 837 954 quod
863 859 910 924 ut
931 837 1116 953 primum
1138 835 1320 926 detonuit
1335 897 1348 942 ‚
1365 830 1508 946 statim
1544 855 1641 946 qum

289 1007 371 1100 que
383 979 595 1096 serenitas
614 981 805 1076 reddita.
830 985 922 1097 Qua
943 1001 1081 1070 auten
1103 975 1209 1068 nude
1239 977 1332 1068 obiit
1361 971 1645 1077 Laurentiue,

275 1121 402 1238 stella
409 1117 526 1239 fidite
553 1126 705 1214 clarior
720 1113 767 1216 re
782 1121 988 1245 grandior
999 1121 1231 1241 suburbana
1252 1119 1546 1226 emminenr,in
1564 1141 1645 1234 qua

289 1267 328 1353 is
364 1269 544 1354 aninenut
579 1265 754 1388 agebat,
794 1269 864 1360 illa
886 1263 970 1384 ipstr
999 1271 1191 1386 temperis
1219 1269 1394 1358 articula
1426 1257 1644 1364 deridere,

288 1407 563 1530 extinguique
590 1409 705 1527 uisa,
729 1437 810 1526 quo
835 1431 1078 1530 cunpertum
1107 1411 1257 1504 deiude
1275 1409 1331 1526 est
1345 1435 1438 1498 eum
1459 1406 1550 1498 uita
1573 1379 1643 1488 dn'·
1766 1453 1770 1463 ·

287 1551 495 1670 migruffe.
526 1555 637 1674 Quin
671 1551 890 1674 excurriffe
924 1555 1048 1648 etiam
1075 1551 1199 1674 fures
1230 1549 1411 1643 trimodia
1446 1566 1644 1666 perpetua

288 1691 342 1782 de
377 1694 584 1810 Fefirlunis
617 1698 850 1807 mantibus,
879 1696 1095 1816 semenque
1129 1689 1184 1786 'td
1215 1701 1437 1812 templum,
1466 1719 1546 1810 qua
1579 1715 1644 1776 re·

288 1838 444 1952 liqnine
479 1835 715 1934 conduntur
742 1839 954 1936 Medireae
982 1843 1121 1962 gentis
1139 1906 1152 1949 ‚
1173 1836 1407 1958 siiutillaffe
1436 1829 1644 1936 nournihil,

287 2006 462 2095 moxque
503 1977 705 2099 evanuiffe
736 1982 980 2102 feruntur.
1024 1979 1180 2102 Quid?
1223 1983 1336 2102 quud
1380 1975 1436 2084 dr
1489 1979 1646 2064 lentum

288 2149 449 2240 quoque
478 2123 602 2215 nobiti
629 2155 753 2221 rmum
774 2149 887 2246 par,
914 2131 958 2218 iu
987 2127 1101 2247 ipsa,'
1129 2156 1216 2246 quu
1244 2125 1406 2245 publice
1437 2115 1643 2212 coutinen-

287 2286 386 2376 tur‚
418 2293 569 2377 eavea,
586 2265 649 2385 fir
690 2271 734 2362 t'n
757 2293 942 2392 pugnam
964 2270 1165 2392 feraciter
1191 2269 1473 2374 concurrerit,
1506 2285 1554 2354 ut
1583 2261 1647 2348 a!-

286 2429 359 2496 ter
379 2407 540 2530 pefflme
569 2431 781 2530 arreptus,
809 2421 923 2508 ulter
951 2417 1077 2506 etium
1107 2415 1214 2506 letha
1231 2409 1293 2528 fit
1325 2411 1475 2502 dutus.
1510 2401 1647 2498 Arre·

287 2549 339 2637 tii
356 2577 514 2670 quoque
522 2551 656 2672 stupra
684 2584 820 2650 urcem
841 2559 968 2676 ipfirm
986 2560 1174 2679 geminae
1191 2557 1346 2678 perdiu
1374 2547 1502 2670 urstffe
1521 2547 1650 2670 flam·

287 2717 409 2800 mae,
441 2693 558 2810 quast
595 2698 765 2810 rumores
800 2699 1039 2818 sinuntur,
1074 2729 1123 2788 ae
1164 2705 1261 2816 lupa
1305 2695 1532 2786 identidem
1565 2689 1650 2807 fieb

288 2833 491 2927 moenibus
519 2841 706 2928 ululutus
736 2843 936 2950 terrificas
966 2837 1151 2959 edidiffe.
1173 2837 1352 2958 Quidam
1383 2835 1495 2928 illud
1516 2836 1644 2923 etiam
1771 2831 1780 2842 “

288 2971 373 3088 (ut
393 2971 499 3088 fient
528 2978 721 3096 ingenia)
744 3004 826 3099 pru
855 2981 1022 3090 monstra
1051 2983 1412 3098 interpretantur,
1433 2977 1544 3099 quod
1570 3003 1646 3064 ex·

288 3109 609 3234 cellentiffimus,
639 3125 703 3214 itu
732 3131 841 3220 euim
882 3123 1134 3230 habebatur,
1166 3120 1291 3231 hujus
1334 3121 1488 3213 aetatis
1517 3115 1646 3208 medi·

290 3287 386 3364 eus,
404 3259 570 3374 quando
598 3277 672 3354 urs¹
701 3295 820 3377 eum,
843 3265 1134 3386 praestititque
1151 3260 1432 3383 fifhllerant,
1462 3263 1645 3352 aninum

290 3397 575 3514 desponderit,
598 3410 876 3527 puteoquese
902 3395 1049 3528 sperne
1080 3406 1348 3526 demerserit,
1379 3433 1427 3498 ar
1458 3403 1648 3520 Principi

291 3537 367 3656 t'pfi
382 3543 617 3652 Mediocre,
623 3541 669 3660 st
694 3549 927 3642 vocabulum
935 3551 1116 3670 species,
1133 3552 1329 3672 familias
1341 3553 1423 3670 fita
1453 3578 1548 3640 nece
1571 3563 1650 3664 paa-

294 3689 555 3778 remeaverit.
588 3689 671 3778 Sed
702 3690 823 3782 nidea
864 3699 958 3802 me,
994 3725 1084 3786 cnm
1113 3699 1282 3816 quidem
1318 3702 1451 3787 multa
1479 3691 1536 3797 ἐφ’
1559 3673 1649 3782 'md-

287 3853 374 3952 gun
416 3831 678 3940 reticuerint,
708 3865 760 3922 ue
783 3834 902 3950 fhrte
931 3841 976 3926 in
996 3837 1176 3956 speeiem
1206 3835 1462 3929 udttlutiauis
1494 3827 1648 3921 inride-

295 3994 407 4075 rem,
438 3975 594 4089 langius
636 3992 774 4062 tamen
808 3979 1072 4090 proveetum,
1104 4015 1230 4101 quum
1260 3980 1513 4098 apriuripr'o
1542 3957 1652 4081 insti-

296 4132 480 4200 tueram.
514 4109 632 4223 Quod
659 4133 707 4200 nt
728 4111 917 4228 fhterrm
944 4128 1138 4240 ,partim
1179 4123 1383 4236 cupiditas
1422 4112 1508 4231 t'pstt
1549 4105 1653 4227 obse·

297 4249 479 4368 queudi,
508 4248 894 4373 obtemperanaique
911 4261 986 4348 tibi
1015 4263 1180 4376 optima,
1210 4253 1436 4376 dotetfflmr,
1461 4251 1650 4371 prudeu-

302 4385 519 4512 tr'fflnuque
552 4389 723 4504 homini,
756 4399 937 4520 mihique
964 4396 1211 4521 amieiffinn,
1236 4404 1354 4515 eujus
1384 4398 1550 4520 quidem
1562 4395 1653 4512 stu·

1119 4541 1213 4634 Dd
1246 4575 1269 4630 2
