4474 5858
532 461 1038 574 'Mnoursrcr
1100 477 1379 576 Vrrn?
1505 487 1682 601 157'

317 693 555 816 persuasum
593 681 638 791 in
684 703 894 793 vertendis
934 699 1241 819 scriptoribus,
1271 707 1344 820 qui
1377 711 1519 794 rerum
1554 719 1643 796 nou

314 843 546 934 verborum
582 848 713 964 gratia
743 869 1031 962 expetuntur,
1067 847 1249 962 probari.
1272 845 1421 936 debere
1451 849 1549 936 illos
1582 849 1647 942 in·¹

315 1005 543 1102 terpretes,
567 990 642 1103 qui
672 987 760 1102 ejus
798 989 990 1106 linguae,
1020 1016 1072 1077 ex
1091 981 1173 1102 qua
1208 991 1434 1110 verterint,
1469 990 1650 1104 peritos,

315 1126 426 1242 ejus,
457 1129 658 1243 inquam
700 1132 928 1238 verterint,
963 1161 1051 1219 non
1093 1131 1311 1246 impetitos
1348 1126 1386 1218 se
1431 1128 1472 1218 se
1512 1125 1647 1218 osten·

314 1269 443 1377 dunt.
472 1255 644 1390 Rogata
674 1271 892 1361 Laurentii
924 1269 1130 1387 quaedam
1160 1276 1288 1361 etiam
1326 1273 1514 1362 Platonis
1556 1259 1640 1356 ¹La·

314 1413 405 1500 tina
437 1405 562 1538 sec-ir,
583 1420 634 1501 ·&
662 1413 828 1505 donum
852 1416 893 1504 ei
921 1407 1195 1530 gratissimum
1226 1411 1324 1504 fore'
1347 1413 1515 1531 putavit
1542 1415 1645 1504 Dia·

313 1549 467 1671 logum
486 1553 539 1644 de
561 1561 862 1676 temperantia,
892 1556 966 1672 qui
991 1553 1232 1642 Charmides
1263 1551 1531 1662 inscribitur,
1555 1585 1652 1646 non.
1719 1557 1722 1564 ’

312 1697 655 1810 reverens,quod
683 1701 842 1804 miror,
872 1693 1098 1787 assentandi
1126 1693 1433 1816 suspicionem,
1461 1717 1562 1789 cum
1588 1693 1649 1784 af·

310 1830 500 1926 firmaret
538 1837 668 1926 nullis
699 1869 889 1956 unquam
924 1837 1196 1954 voluptatum
1242 1840 1449 1930 illecebris
1481 1839 1646 1954 delini·

310 1999 406 2064 tum
447 1977 571 2068 illum
604 1975 752 2070 suilla.
789 1979 906 2092 Quid
941 1979 1103 2098 fingula
1138 2003 1502 2087 commemorem,
1536 2007 1644 2096 quae

310 2117 545 2210 Politianus
574 2111 791 2212 Laurentii
816 2117 1165 2238 postulationibus
1190 2117 1420 2226 concessit,
1446 2122 1520 2210 cui
1550 2149 1645 2210 mo-

309 2287 399 2350 rem
431 2247 571 2380 gerere
597 2261 642 2350 in'
670 2262 870 2353 omnibus
900 2262 941 2350 se
965 2261 1099 2367 velle',
1118 2258 1240 2378 seque
1262 2263 1302 2351 ei
1333 2261 1442 2352 nihil
1460 2283 1550 2352 non
1568 2261 1649 2350 de·-

309 2403 408 2528 bere
433 2406 562 2493 tertio
588 2431 758 2520 quoque
788 2402 919 2492 uerbo
941 2397 1253 2517 profitebatur?
1278 2405 1496 2496 Praetereo
1518 2406 1648 2494 eriam
1704 2420 1707 2427 '

310 2543 407 2652 illa,
424 2575 528 2660 quae
548 2549 655 2636 inter
680 2545 789 2663 ipsos
814 2538 1129 2634 familiarissime
1160 2541 1295 2649 diua,
1322 2543 1497 2662 scripta,
1528 2576 1648 2636 corn·
1688 2577 1691 2582 ·

309 2691 526 2776 municata
545 2683 664 2794 sunt,
677 2715 780 2776 cum
798 2685 866 2776 v'el
890 2683 999 2802 ipsae
1018 2684 1381 2782 deambulationes
1406 2688 1553 2803 plenae
1576 2689 1646 2776 lit-

309 2849 545 2919 teratorum
577 2826 821 2918 sermonum
858 2823 1011 2930 essent,
1042 2832 1083 2915 δι
1118 2821 1187 2909 vel
1218 2825 1646 2941 inequitationibus,

191 3029 195 3036 ·
309 2995 359 3059 ut
388 2969 626 3058 Politianus
655 2963 930 3083 ipsescripsrt
970 2969 1016 3056 in
1052 2960 1316 3064 Praefatioue
1366 2967 1679 3083 Mscellarreoff

309 3087 428 3216 rum,
458 3111 582 3229 origo
607 3115 648 3196 &
678 3103 840 3197 occasro
871 3135 1123 3226 magnorum
1147 3127 1329 3223 opetum
1350 3111 1645 3222 inveniretur.

194 3327 200 3341 .
309 3249 466 3367 Neque
497 3254 543 3339 in
574 3250 788 3362 majorum
818 3278 960 3340 rerum
997 3246 1353 3364 occupationibus
1387 3246 1502 3341 silere
1532 3253 1644 3354 Lau-2

308 3397 467 3482 tentius
498 3391 654 3482 srnebat
685 3388 828 3480 Musas
858 3391 1094 3496 Politiani,
1120 3389 1284 3504 ‚aliquid
1316 3386 1475 3508 semper
1505 3398 1557 3485 ab
1591 3427 1646 3486 eo

309 3536 509 3647 eliciens,
540 3533 657 3650 quod
698 3533 768 3620 vel
803 3529 1073 3650 agrestiorum
1110 3534 1277 3620 animos
1319 3531 1497 3626 delinire
1530 3534 1645 3656 posse

307 3679 462 3790 ajebat.
511 3675 649 3764 Miror
684 3699 789 3762 vero
831 3671 1111 3764 Laurentium
1155 3675 1363 3764 eximium
1401 3678 1646 3768 Italicarum

308 3818 532 3910 Musarum
562 3819 774 3908 cultorem
805 3820 986 3908 minime
1015 3815 1069 3903 ad
1101 3813 1177 3904 has
1216 3812 1426 3921 revocasse
1468 3819 1643 3914 Politia·

307 3981 445 4068 num,
477 3985 576 4075 quas
619 3959 725 4046 adeo
756 3959 959 4073 propitias
1000 3959 1108 4046 olim
1144 3985 1340 4078 expertus
1363 3937 1552 4069 ¹fuerat,
1595 3988 1646 4054 ut

307 4102 381 4202 bis¹
403 4083 644 4222 paullulum
674 4093 868 4188 invidisse
904 4099 1079 4190 Latinae
1127 4097 1238 4188 visae
1271 4097 1460 4190 suerint.
1497 4103 1557 4192 Et
1584 4101 1644 4193 sa·

305 4269 362 4334 ne
392 4243 466 4333 has
486 4240 704 4364 postquam
738 4241 984 4332 Mediceum
1014 4235 1124 4328 illud
1155 4238 1298 4326 nobile
1327 4264 1542 4332 certamen
1573 4275 1641 4334 ce-

305 4385 512 4497 lebravit,
539 4407 623 4480 aut*
641 4381 864 4493 subiratus,
900 4403 975 4475 aut
1003 4405 1116 4474 certe
1144 4379 1336 4512 duriores
1369 4384 1440 4476 vel
1470 4384 1516 4477 in
1541 4387 1640 4505 -ipsa
