4474 5858
580 451 1049 549 Munutrrcr
1107 459 1320 552 Vrrn
1502 465 1580 562 183

311 687 413 758 cnm
445 667 535 790 ipso
564 671 757 790 Aegypti
797 672 1028 782 Sultlnno,
1045 745 1049 756 .
1066 676 1187 794 quod
1215 671 1485 796 magnilane
1513 677 1645 764 inter-

308 807 395 902 fuit
423 811 478 900 ad
514 840 794 904 mercaturam
840 817 970 908 libere
996 813 1234 908 faciendam
1266 813 1505 935 praesertim
1541 815 1646 904 Ale·

311 954 508 1046 xnndriae
539 965 580 1048 δι
615 956 875 1077 Babyloniae
915 959 1095 1073 (198).
1126 960 1306 1079 legeint
1345 989 1475 1067 vero,
1516 983 1647 1074 quern

312 1095 394 1184 hac
421 1095 476 1186 de
505 1095 637 1188 caulla
663 1099 805 1209 mint,
834 1105 956 1196 venit
982 1101 1036 1190 ad
1058 1103 1337 1192 Laurentium
1367 1130 1470 1190 cum
1495 1123 1648 1216 magun

315 1240 530 1329 donorum
560 1243 605 1330 vi
634 1241 708 1355 (in
746 1245 815 1346 his
854 1245 1197 1362 camelopardalis
1226 1252 1266 1336 lt
1301 1241 1412 1336 ferae
1439 1243 1545 1332 aliae
1583 1268 1648 1328 rn-

316 1378 492 1472 rilirmae
522 1382 672 1502 (¹99)
701 1394 742 1478 bc
776 1416 880 1478 cum
911 1391 1090 1498 litteris,
1119 1391 1276 1506 quibua
1312 1385 1425 1478 nihil
1455 1407 1645 1502 namnam

270 1609 272 1616 ,
311 1519 509 1614 accidisse
546 1527 772 1646 gloriosius
809 1535 976 1650 privato
1027 1529 1197 1622 homini
1238 1525 1522 1620 existimatum
1564 1519 1648 1612 est.

318 1666 533 1775 Divitiae,
561 1670 716 1786 quibus
756 1671 1025 1768 abundabant
1064 1671 1335 1781 florentini,
1363 1695 1517 1790 augere
1545 1663 1653 1756 ciri·

319 1831 453 1900 tatem
500 1813 664 1926 populo
693 1813 904 1906 debebant
942 1816 1117 1930 (200);
1149 1821 1191 1904 δι
1220 1841 1324 1902 cum
1352 1801 1655 1902 domus-dees-
1779 1803 1785 1818 '

319 1945 412 2038 sent
442 1951 495 2038 ad
524 1951 649 2042 illurn
679 1959 1021 2067 continendum,
1049 1961 1218 2077 rogavit
1244 1957 1500 2046 Laurentius
1526 1953 1655 2040 lnno·

304 2085 511 2180 'emaum
542 2095 827 2207 Pontificem,
855 2125 908 2192 ut
935 2095 1115 2218 potestas
1144 2096 1245 2190 ellet
1272 2097 1439 2188 civibus
1468 2093 1552 2184 suis
1588 2120 1658 2178 ae-

321 2227 527 2322 dificandi
551 2239 597 2325 in
627 2239 764 2333 hortis
791 2245 877 2351 iis,
902 2245 979 2358 qui
1006 2241 1061 2330 ad
1095 2239 1393 2359 religiosorum
1424 2235 1658 2328 hominum

322 2369 507 2466 familias
546 2383 835 2498 pertinebant.
880 2383 1080 2490 Soboler,
1114 2381 1329 2490 familiae,
1365 2379 1658 2500 pecuniaeque

324 2514 621 2610 censebantur:
652 2521 707 2610 ad
735 2523 991 2643 dignitatem
1022 2537 1066 2617 δι
1103 2527 1236 2616 decus
1253 2523 1529 2642 Reipublicae
1551 2545 1657 2606 con·

324 2656 578 2750 servandum
619 2664 727 2750 certi
764 2669 995 2780 quotannis
1035 2665 1229 2786 sumptus
1271 2662 1658 2783 impendebantota

324 2829 462 2916 neque
493 2801 591 2890 illoc
619 2803 858 2894 mediocres
886 2803 1011 2894 inille
1038 2833 1234 2924 oportet,
1252 2835 1357 2894 cum
1386 2831 1466 2920 pro
1494 2799 1655 2890 obcun-

326 2939 381 3032 da
410 2941 623 3058 legatione
648 2943 703 3030 arl
734 2941 888 3036 Gallos
918 2948 1072 3036 mortis
1112 2943 1251 3036 canlla
1292 2945 1511 3036 Ludorici
1555 2939 1666 3045 XL,

326 3111 430 3200 quae
461 3113 621 3200 magno
638 3085 857 3178 Laurentii
887 3114 1015 3205 atque
1031 3087 1384 3178 Florentinorum
1410 3084 1527 3173 lustu
1549 3080 1673 3170 acci-1

328 3223 394 3314 dit
412 3253 478 3314 an.
496 3253 812 3338 nanceianum,
828 3231 967 3320 tribus
982 3229 1192 3346 primariis
1214 3226 1385 3316 civibus
1404 3224 1673 3318 Florentinis

329 3371 507 3486 triginta
534 3370 666 3488 usque
694 3371 881 3464 florenos
907 3371 1099 3489 quotidie
1129 3367 1293 3460 solutos
1318 3365 1439 3459 suill'c
1456 3367 1673 3486 scriptum·

330 3513 548 3602 inveniam
563 3582 576 3601 ,
593 3513 742 3632 Magni
763 3532 936 3632 quotpre
949 3511 1146 3630 sumptus
1174 3509 1336 3602 fiebant
1362 3513 1410 3602 in
1427 3541 1520 3602 rem
1549 3508 1664 3598 mili·
1803 3503 1806 3510 ’

331 3677 494 3762 mem,
524 3685 665 3770 neque
691 3659 841 3772 paucis
865 3681 990 3746 erant
1016 3659 1211 3746 contenti
1229 3657 1295 3746 illi
1314 3655 1566 3744 mercenarii
1581 3679 1676 3740 ma-

332 3799 409 3918 gni
442 3797 634 3888 nominis
669 3796 841 3904 Duces,
872 3799 951 3911 qui
988 3801 1142 3916 utique
1178 3797 1269 3890 sola
1308 3793 1498 3916 queessm
1537 3795 1675 3913 grath

333 3967 506 4056 operam
538 3935 656 4028 luam
687 3945 729 4026 &
760 3935 932 4027 suorum
962 3942 1223 4056 populorum
1254 3937 1499 4058 sangninem
1531 3939 1674 4025 locato

332 4080 618 4170 ridebantur.
647 4075 759 4166 Non
792 4079 935 4166 nnius
971 4085 1091 4170 mian
1119 4083 1384 4173 floretum
1412 4103 1534 4170 aut
1570 4077 1673 4164 mil·

333 4221 417 4326 lia,
450 4245 505 4308 ut
540 4247 674 4308 unam
716 4247 808 4310 rem
837 4221 1025 4337 exenrpli
1067 4225 1202 4339 gratia
1242 4245 1482 4337 pommus,
1519 4214 1676 4334 ponde·

335 4363 499 4455 bantur
518 4361 728 4464 Ferrariae
754 4363 879 4453 Daci
891 4423 904 4470 ,
944 4359 1118 4476 qrnndn
1155 4361 1320 4452 bellum
1360 4387 1390 4449 a
1416 4359 1677 4452 Florentinis
