4474 5858
659 495 745 602 atu
865 473 1773 580 Launanrnutinicrs

595 702 660 802 alo
677 697 936 818 ptandlterat
951 697 1212 812 (ariolorum
1237 727 1380 790 autem
1399 705 1439 790 ἃ
1456 723 1603 821 vatum
1622 729 1742 794 more
1765 695 1933 798 insanae

596 841 899 976 praedicliones
934 847 973 934 ei
1003 844 1335 974 perplacebant)
1363 846 1438 966 qui
1469 841 1787 964 insimulabatur
1822 846 1933 964 peri·

591 985 783 1084 eulosam
816 995 855 1082 &
888 992 1121 1110 ancipitem
1157 991 1424 1082 curationem
1456 987 1722 1100 adhibitio,
1766 991 1925 1114 quique

590 1129 793 1234 sentiebat
824 1136 1023 1232 omnium
1050 1157 1270 1256 propterea
1300 1135 1347 1223 in
1376 1131 1417 1224 se
1447 1135 1598 1258 odium
1629 1139 1671 1228 ἃ
1701 1129 1928 1252 maledicta

589 1273 866 1387 convertisse,
897 1276 1028 1397 usque
1058 1309 1109 1369 eo
1140 1303 1388 1369 commotus
1420 1275 1503 1392 est,
1534 1305 1591 1396 ut
1614 1275 1655 1370 le
1686 1274 1825 1400 ipsunt
1861 1271 1930 1404 fu?

589 1447 754 1516 rentem
780 1423 1000 1514 continere
1024 1423 1204 1512 minime
1229 1427 1418 1541 potuerit
1449 1423 1594 1550 (2²5³)J·
1632 1423 1767 1516 Porro
1797 1447 1930 1540 quam

585 1565 840 1666 Laurentius
878 1566 1045 1658 civitati
1087 1551 1207 1658 carus
1246 1562 1344 1660 ellet
1391 1580 1586 1664 moerore
1641 1563 1803 1658 funeris
1853 1561 1927 1653 de·

586 1709 795 1802 claretum
817 1705 898 1802 est.
917 1709 1019 1826 Ejus
1048 1709 1226 1801 cadaver
1248 1743 1271 1802 e
1297 1709 1559 1832 Caregiu'no,
1576 1707 1660 1801 ubi
1687 1709 1759 1805 ille
1789 1713 1928 1804 vitam

586 1847 732 1944 finivit
758 1851 864 1944 hora
894 1856 1042 1972 quinta
1073 1857 1208 1944 noctis
1228 1883 1285 1946 vr.
1318 1855 1376 1944 id.
1409 1855 1579 1980 Apriles
1608 1885 1672 1944 an.
1700 1882 1929 1946 uccccxou.

584 1995 638 2086 ad
671 1997 965 2088 Florentinum
994 1995 1216 2089 Bafillcam
1246 1999 1286 2090 S.
1311 1999 1540 2118 Laurentii
1558 1997 1758 2118 postridie
1788 2029 1813 2088 a
1842 2001 1928 2116 pri·

585 2131 776 2230 moribut
810 2137 1119 2263 Magistratibus
1148 2139 1503 2270 transportatum,
1522 2145 1651 2232 tantis
1682 2141 1857 2232 honoris
1887 2145 1927 2236 &

584 2275 746 2378 doloris
767 2279 1143 2386 declarationibus
1184 2283 1405 2386 uniuersus
1446 2287 1632 2404 populus
1671 2279 1923 2404 prosecutur

584 2419 668 2530 est,
693 2425 868 2541 perinde
894 2455 943 2530 ac
966 2423 996 2515 li
1020 2428 1245 2518 communi
1276 2427 1441 2547 parenti
1473 2457 1600 2546 arque
1629 2429 1786 2546 patriae
1815 2453 1920 2514 con-

581 2560 787 2656 servatori
817 2565 916 2656 effer
945 2569 1277 2684 parentandum.
1299 2571 1371 2666 Sic
1402 2571 1547 2661 luctus
1577 2568 1778 2678 luorum,
1798 2593 1926 2682 atquc
1971 2681 1976 2695 ⁸

582 2707 744 2800 Patriae
776 2735 946 2802 moeror
987 2707 1260 2828 (221)lola
1301 2712 1574 2838 exequiarum
1615 2737 1770 2830 pompa
1812 2705 1924 2811 firit;

581 2879 683 2964 nam
709 2853 869 2965 cetera,
901 2881 1007 2976 quae
1038 2855 1162 2946 luxus
1189 2853 1472 2974 excogitavit,
1499 2855 1693 2962 aberant,
1724 2879 1827 2948 cum
1857 2845 1917 2938 fic

456 3077 465 3093 ,
582 2991 698 3110 iple,
739 2997 883 3116 paullo
914 3009 1141 3116 autequam
1169 3025 1434 3125 moreretur,
1475 2991 1812 3118 praescripfillet.
1850 2989 1927 3084 Nc

581 3132 762 3254 sepulcri
790 3137 967 3256 quidem
996 3167 1331 3237 monumentum
1361 3141 1426 3234 illi
1457 3139 1644 3262 positum
1674 3134 1792 3246 fuit,
1822 3163 1927 3224 con·

580 3277 806 3400 dirumque
829 3283 1004 3388 cadaver
1030 3283 1220 3376 creditur
1238 3283 1291 3373 ad
1310 3287 1412 3375 eam
1442 3309 1605 3401 partem
1625 3277 1791 3370 sacrarii
1810 3279 1926 3400 Lau·

580 3425 793 3537 rentiam,
826 3426 872 3516 in
907 3455 989 3544 qua
1021 3425 1149 3520 vostea
1181 3453 1306 3545 atque
1345 3453 1478 3552 omna
1509 3421 1836 3545 instrumentum
1866 3415 1927 3541 la·

579 3563 767 3672 crificalc
809 3565 987 3672 sumunt
1031 3567 1141 3660 laeta
1182 3567 1357 3686 fotiani.
1399 3565 1467 3657 Eo
1511 3565 1685 3686 quidem
1728 3565 1774 3690 in
1824 3559 1926 3650 loco

579 3699 772 3800 Leonem
801 3709 883 3816 X„
914 3715 1084 3828 quando
1108 3721 1110 3725 ’
1134 3713 1169 3801 is
1211 3708 1474 3808 Florentiam
1506 3707 1704 3826 aduenit,
1736 3703 1923 3835 aliquan-

582 3837 658 3938 diu
698 3843 925 3964 constitisse
962 3855 1132 3942 veniam
1163 3877 1286 3972 atque
1317 3861 1466 3970 pacem
1511 3845 1722 3944 cariffimo
1757 3839 1922 3966 parenti
2038 3833 2042 3844 ’

581 4015 606 4078 a
637 3989 735 4088 Deo
764 3989 950 4112 Optimo
992 3993 1190 4090 Maximo
1231 3993 1539 4116 precatorum,
1582 3987 1694 4088 testis
1725 3983 1780 4086 cst
1811 3985 1925 4082 Paris

581 4125 795 4246 Gratiam,
814 4139 890 4253 qni
912 4135 1117 4230 Pontifici
1148 4165 1237 4230 erat
1260 4169 1285 4226 a
1310 4137 1612 4258 caeremoniis,
1638 4133 1807 4252 Statura
1836 4123 1923 4254 fuit

581 4275 715 4393 justa,
745 4277 824 4370 ula
855 4307 981 4402 atque
1013 4309 1162 4382 natura
1192 4279 1409 4385 robustus,
1435 4289 1475 4366 lle
1518 4284 1565 4364 in
1596 4269 1795 4364 universo
1825 4297 1922 4399 coc·

583 4429 687 4550 pote
719 4417 1015 4526 musculosus.
1047 4427 1096 4525 ln
1125 4419 1234 4523 facie
1262 4421 1503 4554 plurimum
1538 4441 1627 4518 erat
1667 4410 1922 4542 dignitatis,
