<?xml version="1.0" encoding="UTF-8"?>
<!DOCTYPE html PUBLIC "-//W3C//DTD XHTML 1.0 Transitional//EN"
    "http://www.w3.org/TR/xhtml1/DTD/xhtml1-transitional.dtd">
<html xmlns="http://www.w3.org/1999/xhtml" xml:lang="en" lang="en">
 <head>
  <title>
</title>
<meta http-equiv="Content-Type" content="text/html;charset=utf-8" />
  <meta name='ocr-system' content='tesseract 3.04.00' />
  <meta name='ocr-capabilities' content='ocr_page ocr_carea ocr_par ocr_line ocrx_word'/>
</head>
<body>
  <div class='ocr_page' id='page_1' title='image "./laurentiimedici00fabrgoog_0180.png"; bbox 0 0 4474 5858; ppageno 0'>
   <div class='ocr_carea' id='block_1_1' title="bbox 446 493 1592 616">
    <p class='ocr_par' dir='ltr' id='par_1_1' title="bbox 446 493 1592 616">
     <span class='ocr_line' id='line_1_1' title="bbox 446 493 1592 616; baseline -0.005 -20"><span class='ocrx_word' id='word_1_1' title='bbox 446 503 454 520; x_wconf 87' lang='lat'><em>&#39;</em></span> <span class='ocrx_word' id='word_1_2' title='bbox 566 493 1038 595; x_wconf 64' lang='lat' dir='ltr'>Matusstrtct</span> <span class='ocrx_word' id='word_1_3' title='bbox 1099 501 1313 590; x_wconf 75' lang='lat' dir='ltr'>Vra-a</span> <span class='ocrx_word' id='word_1_4' title='bbox 1503 511 1592 616; x_wconf 71' lang='lat'>&#39;1⁶7</span> 
     </span>
    </p>
   </div>
   <div class='ocr_carea' id='block_1_2' title="bbox 297 715 1786 4545">
    <p class='ocr_par' dir='ltr' id='par_1_2' title="bbox 307 715 1663 1412">
     <span class='ocr_line' id='line_1_2' title="bbox 307 715 1657 842; baseline -0.005 -25"><span class='ocrx_word' id='word_1_5' title='bbox 307 753 411 817; x_wconf 84' lang='lat' dir='ltr'>nem</span> <span class='ocrx_word' id='word_1_6' title='bbox 435 753 458 816; x_wconf 92' lang='lat' dir='ltr'>a</span> <span class='ocrx_word' id='word_1_7' title='bbox 488 723 617 816; x_wconf 89' lang='lat' dir='ltr'>Petro</span> <span class='ocrx_word' id='word_1_8' title='bbox 642 720 897 842; x_wconf 69' lang='lat' dir='ltr'>poscebant,</span> <span class='ocrx_word' id='word_1_9' title='bbox 914 723 1046 839; x_wconf 82' lang='lat' dir='ltr'>Saepe</span> <span class='ocrx_word' id='word_1_10' title='bbox 1071 719 1203 810; x_wconf 89' lang='lat' dir='ltr'>etiarn</span> <span class='ocrx_word' id='word_1_11' title='bbox 1224 715 1274 826; x_wconf 85' lang='lat' dir='ltr'>ill</span> <span class='ocrx_word' id='word_1_12' title='bbox 1333 719 1487 834; x_wconf 88' lang='lat' dir='ltr'>optimi</span> <span class='ocrx_word' id='word_1_13' title='bbox 1517 719 1657 836; x_wconf 74' lang='lat' dir='ltr'>cujus-</span> 
     </span>
     <span class='ocr_line' id='line_1_3' title="bbox 313 862 1660 985; baseline -0.003 -29"><span class='ocrx_word' id='word_1_14' title='bbox 313 897 396 985; x_wconf 89' lang='lat' dir='ltr'>que</span> <span class='ocrx_word' id='word_1_15' title='bbox 429 867 630 960; x_wconf 87' lang='lat' dir='ltr'>&amp;studia</span> <span class='ocrx_word' id='word_1_16' title='bbox 663 873 706 957; x_wconf 79' lang='grc' dir='ltr'>δι</span> <span class='ocrx_word' id='word_1_17' title='bbox 735 863 844 955; x_wconf 71' lang='lat' dir='ltr'>satia</span> <span class='ocrx_word' id='word_1_18' title='bbox 879 862 935 953; x_wconf 82' lang='lat' dir='ltr'>at</span> <span class='ocrx_word' id='word_1_19' title='bbox 962 863 1224 956; x_wconf 87' lang='lat' dir='ltr'>imitandum</span> <span class='ocrx_word' id='word_1_20' title='bbox 1251 863 1547 980; x_wconf 87' lang='lat' dir='ltr'>proponebat;</span> <span class='ocrx_word' id='word_1_21' title='bbox 1567 893 1660 952; x_wconf 88' lang='lat' dir='ltr'>mo·</span> 
     </span>
     <span class='ocr_line' id='line_1_4' title="bbox 314 999 1661 1126; baseline -0.005 -27"><span class='ocrx_word' id='word_1_22' title='bbox 314 1011 548 1126; x_wconf 77' lang='lat' dir='ltr'>flebatque,</span> <span class='ocrx_word' id='word_1_23' title='bbox 579 1036 631 1102; x_wconf 91' lang='lat' dir='ltr'>ut</span> <span class='ocrx_word' id='word_1_24' title='bbox 659 1012 739 1100; x_wconf 89' lang='lat' dir='ltr'>uni</span> <span class='ocrx_word' id='word_1_25' title='bbox 767 1005 846 1098; x_wconf 83' lang='lat' dir='ltr'>fibi·</span> <span class='ocrx_word' id='word_1_26' title='bbox 887 1035 978 1096; x_wconf 91' lang='lat' dir='ltr'>non</span> <span class='ocrx_word' id='word_1_27' title='bbox 1020 1002 1137 1096; x_wconf 88' lang='lat' dir='ltr'>sese</span> <span class='ocrx_word' id='word_1_28' title='bbox 1172 1029 1324 1094; x_wconf 84' lang='lat' dir='ltr'>natum</span> <span class='ocrx_word' id='word_1_29' title='bbox 1377 999 1661 1110; x_wconf 83' lang='lat' dir='ltr'>meminiffet&#39;,</span> 
     </span>
     <span class='ocr_line' id='line_1_5' title="bbox 314 1145 1663 1270; baseline -0.007 -28"><span class='ocrx_word' id='word_1_30' title='bbox 314 1149 385 1242; x_wconf 87' lang='lat' dir='ltr'>sed</span> <span class='ocrx_word' id='word_1_31' title='bbox 413 1150 525 1260; x_wconf 89' lang='lat' dir='ltr'>suis,</span> <span class='ocrx_word' id='word_1_32' title='bbox 557 1150 627 1242; x_wconf 88' lang='lat' dir='ltr'>sed</span> <span class='ocrx_word' id='word_1_33' title='bbox 661 1153 850 1270; x_wconf 78' lang='lat' dir='ltr'>patriae,</span> <span class='ocrx_word' id='word_1_34' title='bbox 879 1146 951 1238; x_wconf 84' lang='lat' dir='ltr'>sed</span> <span class='ocrx_word' id='word_1_35' title='bbox 984 1148 1289 1266; x_wconf 82' lang='lat' dir='ltr'>Reipublicae.</span> <span class='ocrx_word' id='word_1_36' title='bbox 1331 1145 1534 1238; x_wconf 62' lang='lat' dir='ltr'>Ideni‘ex</span> <span class='ocrx_word' id='word_1_37' title='bbox 1570 1145 1663 1234; x_wconf 89' lang='lat' dir='ltr'>Pla·</span> 
     </span>
     <span class='ocr_line' id='line_1_6' title="bbox 316 1289 1656 1412; baseline -0.004 -26"><span class='ocrx_word' id='word_1_38' title='bbox 316 1299 435 1386; x_wconf 91' lang='lat' dir='ltr'>tonis</span> <span class='ocrx_word' id='word_1_39' title='bbox 466 1295 583 1383; x_wconf 88' lang='lat' dir='ltr'>libris</span> <span class='ocrx_word' id='word_1_40' title='bbox 614 1319 816 1412; x_wconf 83' lang='lat' dir='ltr'><strong>tanquam</strong></span> <span class='ocrx_word' id='word_1_41' title='bbox 851 1294 905 1383; x_wconf 88' lang='lat' dir='ltr'>de</span> <span class='ocrx_word' id='word_1_42' title='bbox 942 1289 1164 1380; x_wconf 86' lang='lat' dir='ltr'>narthecio</span> <span class='ocrx_word' id='word_1_43' title='bbox 1192 1291 1417 1409; x_wconf 79' lang='lat' dir='ltr'>promebat</span> <span class='ocrx_word' id='word_1_44' title='bbox 1445 1293 1656 1380; x_wconf 86' lang='lat' dir='ltr'>vitiorum</span> 
     </span>
    </p>

    <p class='ocr_par' dir='ltr' id='par_1_3' title="bbox 297 1419 1786 4545">
     <span class='ocr_line' id='line_1_7' title="bbox 315 1419 1786 1554; baseline -0.005 -22"><span class='ocrx_word' id='word_1_45' title='bbox 315 1441 656 1545; x_wconf 85' lang='lat' dir='ltr'>medicamenta,</span> <span class='ocrx_word' id='word_1_46' title='bbox 695 1445 737 1528; x_wconf 90' lang='lat'>&amp;</span> <span class='ocrx_word' id='word_1_47' title='bbox 775 1435 983 1554; x_wconf 85' lang='lat' dir='ltr'>quaedam</span> <span class='ocrx_word' id='word_1_48' title='bbox 1022 1431 1139 1554; x_wconf 87' lang='lat' dir='ltr'>saepe</span> <span class='ocrx_word' id='word_1_49' title='bbox 1178 1439 1226 1526; x_wconf 90' lang='lat' dir='ltr'>in</span> <span class='ocrx_word' id='word_1_50' title='bbox 1268 1467 1343 1530; x_wconf 86' lang='lat' dir='ltr'>ore</span> <span class='ocrx_word' id='word_1_51' title='bbox 1392 1437 1570 1528; x_wconf 89' lang='lat' dir='ltr'>habebat</span> <span class='ocrx_word' id='word_1_52' title='bbox 1605 1463 1659 1526; x_wconf 81' lang='lat' dir='ltr'>ex</span> <span class='ocrx_word' id='word_1_53' title='bbox 1781 1419 1786 1426; x_wconf 42' lang='lat'>¹</span> 
     </span>
     <span class='ocr_line' id='line_1_8' title="bbox 316 1575 1651 1698; baseline -0.002 -27"><span class='ocrx_word' id='word_1_54' title='bbox 316 1581 586 1698; x_wconf 65' lang='lat' dir='ltr'>lus-Legum</span> <span class='ocrx_word' id='word_1_55' title='bbox 614 1579 760 1688; x_wconf 89' lang='lat' dir='ltr'>libro,</span> <span class='ocrx_word' id='word_1_56' title='bbox 787 1579 939 1695; x_wconf 86' lang='lat' dir='ltr'>quibus</span> <span class='ocrx_word' id='word_1_57' title='bbox 962 1583 1093 1670; x_wconf 86' lang='lat' dir='ltr'>etiarn</span> <span class='ocrx_word' id='word_1_58' title='bbox 1122 1579 1247 1671; x_wconf 89' lang='lat' dir='ltr'>usum</span> <span class='ocrx_word' id='word_1_59' title='bbox 1283 1575 1406 1673; x_wconf 84' lang='lat' dir='ltr'>fuiise</span> <span class='ocrx_word' id='word_1_60' title='bbox 1430 1585 1651 1671; x_wconf 88' lang='lat' dir='ltr'>Romano·</span> 
     </span>
     <span class='ocr_line' id='line_1_9' title="bbox 301 1717 1651 1842; baseline 0.001 -31"><span class='ocrx_word' id='word_1_61' title='bbox 301 1751 416 1812; x_wconf 79' lang='lat' dir='ltr'>—rum</span> <span class='ocrx_word' id='word_1_62' title='bbox 445 1719 754 1840; x_wconf 88' lang='lat' dir='ltr'>Imperatorum</span> <span class='ocrx_word' id='word_1_63' title='bbox 783 1717 1067 1812; x_wconf 75' lang='lat' dir='ltr'>dotuffimum</span> <span class='ocrx_word' id='word_1_64' title='bbox 1099 1721 1153 1810; x_wconf 87' lang='lat' dir='ltr'>ad</span> <span class='ocrx_word' id='word_1_65' title='bbox 1182 1719 1223 1811; x_wconf 86' lang='lat' dir='ltr'>se</span> <span class='ocrx_word' id='word_1_66' title='bbox 1250 1721 1392 1842; x_wconf 85' lang='lat' dir='ltr'>ipsum</span> <span class='ocrx_word' id='word_1_67' title='bbox 1424 1722 1477 1814; x_wconf 89' lang='lat' dir='ltr'>ad</span> <span class='ocrx_word' id='word_1_68' title='bbox 1508 1727 1651 1812; x_wconf 84' lang='lat' dir='ltr'>virtu·-</span> 
     </span>
     <span class='ocr_line' id='line_1_10' title="bbox 316 1864 1661 1984; baseline -0.001 -30"><span class='ocrx_word' id='word_1_69' title='bbox 316 1887 408 1980; x_wconf 81' lang='lat' dir='ltr'>tem</span> <span class='ocrx_word' id='word_1_70' title='bbox 449 1864 728 1954; x_wconf 85' lang='lat' dir='ltr'>excitandum</span> <span class='ocrx_word' id='word_1_71' title='bbox 770 1865 1003 1952; x_wconf 85' lang='lat' dir='ltr'>memoriae</span> <span class='ocrx_word' id='word_1_72' title='bbox 1042 1865 1266 1984; x_wconf 91' lang='lat' dir='ltr'>proditum</span> <span class='ocrx_word' id='word_1_73' title='bbox 1305 1864 1387 1958; x_wconf 73' lang='lat' dir='ltr'>est,</span> <span class='ocrx_word' id='word_1_74' title='bbox 1417 1868 1536 1980; x_wconf 84' lang='lat' dir='ltr'>Quae</span> <span class='ocrx_word' id='word_1_75' title='bbox 1569 1867 1661 1979; x_wconf 90' lang='lat' dir='ltr'>qui-</span> 
     </span>
     <span class='ocr_line' id='line_1_11' title="bbox 315 2001 1662 2118; baseline -0.001 -23"><span class='ocrx_word' id='word_1_76' title='bbox 315 2008 415 2096; x_wconf 88' lang='lat' dir='ltr'>dem</span> <span class='ocrx_word' id='word_1_77' title='bbox 448 2037 496 2098; x_wconf 87' lang='lat' dir='ltr'>ea</span> <span class='ocrx_word' id='word_1_78' title='bbox 533 2005 785 2101; x_wconf 87' lang='lat' dir='ltr'>conditione</span> <span class='ocrx_word' id='word_1_79' title='bbox 812 2035 864 2094; x_wconf 83' lang='lat' dir='ltr'>ac</span> <span class='ocrx_word' id='word_1_80' title='bbox 894 2003 1029 2094; x_wconf 89' lang='lat' dir='ltr'>modo</span> <span class='ocrx_word' id='word_1_81' title='bbox 1060 2001 1346 2118; x_wconf 58' lang='lat' dir='ltr'>referamur</span> <span class='ocrx_word' id='word_1_82' title='bbox 1375 2007 1662 2099; x_wconf 86' lang='lat' dir='ltr'>Laurentium</span> 
     </span>
     <span class='ocr_line' id='line_1_12' title="bbox 314 2145 1659 2268; baseline -0.003 -28"><span class='ocrx_word' id='word_1_83' title='bbox 314 2147 455 2268; x_wconf 88' lang='lat' dir='ltr'>ipsum</span> <span class='ocrx_word' id='word_1_84' title='bbox 489 2151 607 2266; x_wconf 85' lang='lat' dir='ltr'>loqui</span> <span class='ocrx_word' id='word_1_85' title='bbox 640 2171 791 2266; x_wconf 87' lang='lat' dir='ltr'>putes.</span> <span class='ocrx_word' id='word_1_86' title='bbox 831 2145 1176 2264; x_wconf 74' lang='lat' dir='ltr'>Quemadmodum</span> <span class='ocrx_word' id='word_1_87' title='bbox 1218 2153 1290 2240; x_wconf 78' lang='lat' dir='ltr'>rur</span> <span class='ocrx_word' id='word_1_88' title='bbox 1325 2179 1405 2242; x_wconf 84' lang='lat' dir='ltr'>nata</span> <span class='ocrx_word' id='word_1_89' title='bbox 1433 2149 1554 2239; x_wconf 80' lang='lat' dir='ltr'>tatas</span> <span class='ocrx_word' id='word_1_90' title='bbox 1596 2147 1659 2237; x_wconf 85' lang='lat' dir='ltr'>bu-</span> 
     </span>
     <span class='ocr_line' id='line_1_13' title="bbox 314 2290 1660 2411; baseline -0.002 -30"><span class='ocrx_word' id='word_1_91' title='bbox 314 2321 412 2398; x_wconf 85' lang='lat' dir='ltr'>vta,</span> <span class='ocrx_word' id='word_1_92' title='bbox 442 2319 517 2378; x_wconf 84' lang='lat' dir='ltr'>nea</span> <span class='ocrx_word' id='word_1_93' title='bbox 544 2291 680 2408; x_wconf 86' lang='lat' dir='ltr'>capris</span> <span class='ocrx_word' id='word_1_94' title='bbox 709 2308 857 2404; x_wconf 86' lang='lat' dir='ltr'>capras</span> <span class='ocrx_word' id='word_1_95' title='bbox 879 2291 1172 2406; x_wconf 83' lang='lat' dir='ltr'>praeficimur,</span> <span class='ocrx_word' id='word_1_96' title='bbox 1192 2290 1277 2411; x_wconf 81' lang='lat' dir='ltr'>sed</span> <span class='ocrx_word' id='word_1_97' title='bbox 1302 2290 1395 2410; x_wconf 78' lang='lat' dir='ltr'>t&#39;pfis</span> <span class='ocrx_word' id='word_1_98' title='bbox 1425 2321 1497 2382; x_wconf 83' lang='lat' dir='ltr'>ator</span> <span class='ocrx_word' id='word_1_99' title='bbox 1520 2315 1660 2409; x_wconf 82' lang='lat' dir='ltr'>gertus</span> 
     </span>
     <span class='ocr_line' id='line_1_14' title="bbox 309 2427 1657 2552; baseline -0.001 -32"><span class='ocrx_word' id='word_1_100' title='bbox 309 2431 596 2552; x_wconf 72' lang='lat' dir='ltr'>praestantius</span> <span class='ocrx_word' id='word_1_101' title='bbox 619 2427 900 2542; x_wconf 73' lang='lat' dir='ltr'>deaurantur,</span> <span class='ocrx_word' id='word_1_102' title='bbox 916 2435 978 2522; x_wconf 86' lang='lat' dir='ltr'>ita</span> <span class='ocrx_word' id='word_1_103' title='bbox 1002 2437 1121 2524; x_wconf 85' lang='lat' dir='ltr'>Deua</span> <span class='ocrx_word' id='word_1_104' title='bbox 1144 2433 1322 2525; x_wconf 60' lang='lat' dir='ltr'>hmines</span> <span class='ocrx_word' id='word_1_105' title='bbox 1350 2461 1496 2524; x_wconf 86' lang='lat' dir='ltr'>amant</span> <span class='ocrx_word' id='word_1_106' title='bbox 1520 2433 1657 2546; x_wconf 79' lang='lat' dir='ltr'>majus</span> 
     </span>
     <span class='ocr_line' id='line_1_15' title="bbox 314 2561 1663 2696; baseline 0.001 -34"><span class='ocrx_word' id='word_1_107' title='bbox 314 2561 514 2692; x_wconf 77' lang='lat' dir='ltr'>quiddam</span> <span class='ocrx_word' id='word_1_108' title='bbox 541 2573 699 2662; x_wconf 77' lang='lat' dir='ltr'>harunc</span> <span class='ocrx_word' id='word_1_109' title='bbox 726 2573 961 2666; x_wconf 83' lang='lat' dir='ltr'>civitatibus</span> <span class='ocrx_word' id='word_1_110' title='bbox 982 2571 1166 2694; x_wconf 82' lang='lat' dir='ltr'>praaeffe</span> <span class='ocrx_word' id='word_1_111' title='bbox 1199 2579 1317 2687; x_wconf 83' lang='lat' dir='ltr'>vult,-</span> <span class='ocrx_word' id='word_1_112' title='bbox 1348 2575 1459 2696; x_wconf 84' lang='lat' dir='ltr'>quad</span> <span class='ocrx_word' id='word_1_113' title='bbox 1468 2573 1577 2694; x_wconf 84' lang='lat' dir='ltr'>fiaae</span> <span class='ocrx_word' id='word_1_114' title='bbox 1605 2571 1663 2676; x_wconf 61' lang='grc' dir='ltr'>ἄν</span> 
     </span>
     <span class='ocr_line' id='line_1_16' title="bbox 302 2703 1665 2836; baseline 0.001 -33"><span class='ocrx_word' id='word_1_115' title='bbox 302 2713 478 2831; x_wconf 75' lang='lat' dir='ltr'>austrae</span> <span class='ocrx_word' id='word_1_116' title='bbox 491 2713 695 2832; x_wconf 80' lang='lat' dir='ltr'>felicitati</span> <span class='ocrx_word' id='word_1_117' title='bbox 723 2714 930 2833; x_wconf 83' lang='lat' dir='ltr'>cartfialat,</span> <span class='ocrx_word' id='word_1_118' title='bbox 955 2711 1101 2836; x_wconf 79' lang='lat' dir='ltr'>fitque</span> <span class='ocrx_word' id='word_1_119' title='bbox 1132 2703 1273 2810; x_wconf 77' lang='lat' dir='ltr'>&#39;rerum</span> <span class='ocrx_word' id='word_1_120' title='bbox 1298 2717 1559 2836; x_wconf 84' lang='lat' dir='ltr'>publicarum</span> <span class='ocrx_word' id='word_1_121' title='bbox 1581 2745 1665 2805; x_wconf 79' lang='lat' dir='ltr'>aa·</span> 
     </span>
     <span class='ocr_line' id='line_1_17' title="bbox 317 2857 1665 2979; baseline 0.004 -36"><span class='ocrx_word' id='word_1_122' title='bbox 317 2883 409 2944; x_wconf 84' lang='lat' dir='ltr'>ratu</span> <span class='ocrx_word' id='word_1_123' title='bbox 431 2879 586 2974; x_wconf 82' lang='lat' dir='ltr'>gerat,</span> <span class='ocrx_word' id='word_1_124' title='bbox 621 2879 671 2946; x_wconf 89' lang='lat' dir='ltr'>ut</span> <span class='ocrx_word' id='word_1_125' title='bbox 700 2862 850 2974; x_wconf 83' lang='lat' dir='ltr'>prata!</span> <span class='ocrx_word' id='word_1_126' title='bbox 880 2885 912 2946; x_wconf 88' lang='lat' dir='ltr'>a</span> <span class='ocrx_word' id='word_1_127' title='bbox 941 2859 1148 2973; x_wconf 86' lang='lat' dir='ltr'>seditione</span> <span class='ocrx_word' id='word_1_128' title='bbox 1187 2883 1316 2979; x_wconf 86' lang='lat' dir='ltr'>atque</span> <span class='ocrx_word' id='word_1_129' title='bbox 1346 2861 1416 2952; x_wconf 88' lang='lat' dir='ltr'>ira</span> <span class='ocrx_word' id='word_1_130' title='bbox 1439 2861 1558 2976; x_wconf 85' lang='lat' dir='ltr'>pacis</span> <span class='ocrx_word' id='word_1_131' title='bbox 1608 2857 1665 2962; x_wconf 61' lang='grc' dir='ltr'>ἐφ’</span> 
     </span>
     <span class='ocr_line' id='line_1_18' title="bbox 308 2996 1663 3123; baseline 0.008 -36"><span class='ocrx_word' id='word_1_132' title='bbox 308 2996 561 3117; x_wconf 84' lang='lat' dir='ltr'>pudicitiae,</span> <span class='ocrx_word' id='word_1_133' title='bbox 597 2998 805 3090; x_wconf 83' lang='lat' dir='ltr'>libertatis</span> <span class='ocrx_word' id='word_1_134' title='bbox 845 2998 904 3104; x_wconf 59' lang='grc' dir='ltr'>ᾤ’</span> <span class='ocrx_word' id='word_1_135' title='bbox 920 3037 927 3049; x_wconf 65' lang='lat'>¹</span> <span class='ocrx_word' id='word_1_136' title='bbox 928 2996 1123 3118; x_wconf 83' lang='lat' dir='ltr'>justitiae</span> <span class='ocrx_word' id='word_1_137' title='bbox 1159 3005 1311 3118; x_wconf 84' lang='lat' dir='ltr'>capiam</span> <span class='ocrx_word' id='word_1_138' title='bbox 1337 3001 1538 3123; x_wconf 85' lang='lat' dir='ltr'>praebeat</span> <span class='ocrx_word' id='word_1_139' title='bbox 1554 3071 1663 3098; x_wconf 89' lang='grc'><strong>.....</strong></span> 
     </span>
     <span class='ocr_line' id='line_1_19' title="bbox 307 3135 1665 3266; baseline 0.005 -37"><span class='ocrx_word' id='word_1_140' title='bbox 307 3147 473 3238; x_wconf 83' lang='lat' dir='ltr'>¹Veram</span> <span class='ocrx_word' id='word_1_141' title='bbox 493 3135 541 3252; x_wconf 77' lang='lat' dir='ltr'><em>st</em></span> <span class='ocrx_word' id='word_1_142' title='bbox 575 3139 795 3254; x_wconf 78' lang='lat' dir='ltr'>cupiditati</span> <span class='ocrx_word' id='word_1_143' title='bbox 830 3145 1011 3232; x_wconf 85' lang='lat' dir='ltr'>animam</span> <span class='ocrx_word' id='word_1_144' title='bbox 1061 3144 1250 3237; x_wconf 76' lang='lat' dir='ltr'>deditum</span> <span class='ocrx_word' id='word_1_145' title='bbox 1293 3147 1478 3256; x_wconf 83' lang='lat' dir='ltr'>habeat,</span> <span class='ocrx_word' id='word_1_146' title='bbox 1521 3145 1665 3266; x_wconf 85' lang='lat' dir='ltr'>hisque</span> 
     </span>
     <span class='ocr_line' id='line_1_20' title="bbox 304 3263 1665 3406; baseline 0.006 -36"><span class='ocrx_word' id='word_1_147' title='bbox 304 3279 466 3398; x_wconf 70' lang='lat' dir='ltr'>‚satiari</span> <span class='ocrx_word' id='word_1_148' title='bbox 494 3279 720 3395; x_wconf 62' lang='lat' dir='ltr'>aestimet,</span> <span class='ocrx_word' id='word_1_149' title='bbox 758 3314 848 3376; x_wconf 86' lang='lat' dir='ltr'>aaut</span> <span class='ocrx_word' id='word_1_150' title='bbox 872 3285 927 3374; x_wconf 86' lang='lat' dir='ltr'>id</span> <span class='ocrx_word' id='word_1_151' title='bbox 947 3288 1117 3376; x_wconf 80' lang='lat' dir='ltr'>utiuima</span> <span class='ocrx_word' id='word_1_152' title='bbox 1149 3287 1299 3406; x_wconf 81' lang='lat' dir='ltr'>affequi</span> <span class='ocrx_word' id='word_1_153' title='bbox 1313 3281 1451 3406; x_wconf 60' lang='lat' dir='ltr'>iffi,</span> <span class='ocrx_word' id='word_1_154' title='bbox 1480 3263 1665 3406; x_wconf 76' lang='lat' dir='ltr'>itiexple·</span> 
     </span>
     <span class='ocr_line' id='line_1_21' title="bbox 300 3425 1666 3544; baseline 0.006 -31"><span class='ocrx_word' id='word_1_155' title='bbox 300 3425 388 3514; x_wconf 86' lang='lat' dir='ltr'>-br&#39;lt&#39;</span> <span class='ocrx_word' id='word_1_156' title='bbox 416 3425 818 3544; x_wconf 83' lang='lat' dir='ltr'>irrexstiugaibiliqut</span> <span class='ocrx_word' id='word_1_157' title='bbox 854 3425 1039 3538; x_wconf 55' lang='lat' dir='ltr'>tardaret</span> <span class='ocrx_word' id='word_1_158' title='bbox 1072 3427 1130 3533; x_wconf 74' lang='lat'>&amp;¹</span> <span class='ocrx_word' id='word_1_159' title='bbox 1171 3433 1216 3520; x_wconf 90' lang='lat' dir='ltr'>iu</span> <span class='ocrx_word' id='word_1_160' title='bbox 1235 3431 1388 3522; x_wconf 82' lang='lat' dir='ltr'>artraiili</span> <span class='ocrx_word' id='word_1_161' title='bbox 1422 3433 1553 3524; x_wconf 80' lang='lat' dir='ltr'>morit</span> <span class='ocrx_word' id='word_1_162' title='bbox 1594 3459 1666 3522; x_wconf 86' lang='lat' dir='ltr'>ve-</span> 
     </span>
     <span class='ocr_line' id='line_1_22' title="bbox 308 3564 1667 3694; baseline 0.006 -38"><span class='ocrx_word' id='word_1_163' title='bbox 308 3567 515 3676; x_wconf 68' lang='lat' dir='ltr'>aititur,</span> <span class='ocrx_word' id='word_1_164' title='bbox 539 3564 687 3685; x_wconf 77' lang='lat' dir='ltr'>fitque</span> <span class='ocrx_word' id='word_1_165' title='bbox 713 3567 991 3661; x_wconf 78' lang='lat' dir='ltr'>duuiuaiitut·</span> <span class='ocrx_word' id='word_1_166' title='bbox 1020 3578 1210 3684; x_wconf 85' lang='lat' dir='ltr'>civitati,</span> <span class='ocrx_word' id='word_1_167' title='bbox 1233 3599 1283 3668; x_wconf 91' lang='lat' dir='ltr'>ut</span> <span class='ocrx_word' id='word_1_168' title='bbox 1307 3572 1481 3694; x_wconf 83' lang='lat' dir='ltr'>statiua,-</span> <span class='ocrx_word' id='word_1_169' title='bbox 1506 3571 1667 3693; x_wconf 73' lang='lat' dir='ltr'>spretis</span> 
     </span>
     <span class='ocr_line' id='line_1_23' title="bbox 316 3707 1664 3838; baseline 0.005 -39"><span class='ocrx_word' id='word_1_170' title='bbox 316 3707 493 3828; x_wconf 73' lang='lat' dir='ltr'>legibus,</span> <span class='ocrx_word' id='word_1_171' title='bbox 520 3715 638 3800; x_wconf 87' lang='lat' dir='ltr'>nulla</span> <span class='ocrx_word' id='word_1_172' title='bbox 656 3708 815 3827; x_wconf 76' lang='lat' dir='ltr'>salutis</span> <span class='ocrx_word' id='word_1_173' title='bbox 832 3709 934 3830; x_wconf 81' lang='lat' dir='ltr'>spes</span> <span class='ocrx_word' id='word_1_174' title='bbox 963 3719 1139 3834; x_wconf 79' lang='lat' dir='ltr'>ampliat</span> <span class='ocrx_word' id='word_1_175' title='bbox 1154 3715 1217 3834; x_wconf 79' lang='lat' dir='ltr'>stt</span> <span class='ocrx_word' id='word_1_176' title='bbox 1234 3718 1420 3838; x_wconf 82' lang='lat' dir='ltr'>futura.</span> <span class='ocrx_word' id='word_1_177' title='bbox 1439 3715 1570 3822; x_wconf 75' lang='lat' dir='ltr'>Nihil</span> <span class='ocrx_word' id='word_1_178' title='bbox 1585 3715 1664 3806; x_wconf 68' lang='lat' dir='ltr'>-ea&#39;-</span> 
     </span>
     <span class='ocr_line' id='line_1_24' title="bbox 317 3855 1661 3982; baseline 0.008 -43"><span class='ocrx_word' id='word_1_179' title='bbox 317 3877 415 3940; x_wconf 87' lang='lat' dir='ltr'>rum</span> <span class='ocrx_word' id='word_1_180' title='bbox 453 3880 596 3942; x_wconf 88' lang='lat' dir='ltr'>rerum</span> <span class='ocrx_word' id='word_1_181' title='bbox 631 3857 975 3970; x_wconf 77' lang='lat' dir='ltr'>praetermittent</span> <span class='ocrx_word' id='word_1_182' title='bbox 1026 3855 1310 3971; x_wconf 78' lang='lat' dir='ltr'>Laurentius,</span> <span class='ocrx_word' id='word_1_183' title='bbox 1344 3891 1450 3982; x_wconf 82' lang='lat' dir='ltr'>quat</span> <span class='ocrx_word' id='word_1_184' title='bbox 1490 3859 1661 3968; x_wconf 72' lang='lat' dir='ltr'>conda«</span> 
     </span>
     <span class='ocr_line' id='line_1_25' title="bbox 316 3991 1663 4111; baseline 0.007 -31"><span class='ocrx_word' id='word_1_185' title='bbox 316 4020 412 4083; x_wconf 85' lang='lat' dir='ltr'>cere</span> <span class='ocrx_word' id='word_1_186' title='bbox 462 3991 584 4108; x_wconf 82' lang='lat' dir='ltr'>poffe.</span> <span class='ocrx_word' id='word_1_187' title='bbox 618 3997 796 4111; x_wconf 92' lang='lat' dir='ltr'>putabat</span> <span class='ocrx_word' id='word_1_188' title='bbox 825 3997 879 4084; x_wconf 89' lang='lat' dir='ltr'>ad</span> <span class='ocrx_word' id='word_1_189' title='bbox 914 3999 1242 4092; x_wconf 87' lang='lat' dir='ltr'>accendendum</span> <span class='ocrx_word' id='word_1_190' title='bbox 1283 4008 1330 4094; x_wconf 90' lang='lat' dir='ltr'>in</span> <span class='ocrx_word' id='word_1_191' title='bbox 1366 4007 1499 4094; x_wconf 90' lang='lat' dir='ltr'>Petro</span> <span class='ocrx_word' id='word_1_192' title='bbox 1537 4029 1663 4092; x_wconf 85' lang='lat' dir='ltr'>verae</span> 
     </span>
     <span class='ocr_line' id='line_1_26' title="bbox 317 4131 1662 4250; baseline 0.011 -31"><span class='ocrx_word' id='word_1_193' title='bbox 317 4134 477 4250; x_wconf 82' lang='lat' dir='ltr'>gloriae</span> <span class='ocrx_word' id='word_1_194' title='bbox 510 4131 795 4245; x_wconf 87' lang='lat' dir='ltr'>deiiderium,</span> <span class='ocrx_word' id='word_1_195' title='bbox 828 4139 1084 4234; x_wconf 85' lang='lat' dir='ltr'>Innocentio</span> <span class='ocrx_word' id='word_1_196' title='bbox 1124 4143 1240 4232; x_wconf 84' lang='lat' dir='ltr'>Vlli.</span> <span class='ocrx_word' id='word_1_197' title='bbox 1274 4143 1489 4235; x_wconf 85' lang='lat' dir='ltr'>Pontifice</span> <span class='ocrx_word' id='word_1_198' title='bbox 1519 4131 1662 4234; x_wconf 81' lang='lat' dir='ltr'>Maxi-</span> 
     </span>
     <span class='ocr_line' id='line_1_27' title="bbox 297 4277 1666 4401; baseline 0.012 -40"><span class='ocrx_word' id='word_1_199' title='bbox 297 4305 394 4364; x_wconf 83' lang='lat' dir='ltr'>mo</span> <span class='ocrx_word' id='word_1_200' title='bbox 431 4277 707 4385; x_wconf 77' lang='lat' dir='ltr'>renuntiato,</span> <span class='ocrx_word' id='word_1_201' title='bbox 741 4277 881 4396; x_wconf 89' lang='lat' dir='ltr'>ipsum</span> <span class='ocrx_word' id='word_1_202' title='bbox 916 4287 1108 4373; x_wconf 86' lang='lat' dir='ltr'>Romam</span> <span class='ocrx_word' id='word_1_203' title='bbox 1137 4279 1400 4401; x_wconf 85' lang='lat' dir='ltr'>gratulatum</span> <span class='ocrx_word' id='word_1_204' title='bbox 1442 4281 1580 4392; x_wconf 65' lang='lat' dir='ltr'>mim,</span> <span class='ocrx_word' id='word_1_205' title='bbox 1612 4308 1666 4379; x_wconf 85' lang='lat' dir='ltr'>ut</span> 
     </span>
     <span class='ocr_line' id='line_1_28' title="bbox 320 4416 1664 4545; baseline 0.011 -40"><span class='ocrx_word' id='word_1_206' title='bbox 320 4416 622 4530; x_wconf 69' lang='lat' dir='ltr'>riurastioues</span> <span class='ocrx_word' id='word_1_207' title='bbox 650 4417 762 4538; x_wconf 83' lang='lat' dir='ltr'>quast</span> <span class='ocrx_word' id='word_1_208' title='bbox 786 4453 942 4543; x_wconf 86' lang='lat' dir='ltr'>magno</span> <span class='ocrx_word' id='word_1_209' title='bbox 972 4423 1141 4517; x_wconf 89' lang='lat' dir='ltr'>theatro</span> <span class='ocrx_word' id='word_1_210' title='bbox 1173 4419 1399 4545; x_wconf 63' lang='lat' dir='ltr'>imitatae,</span> <span class='ocrx_word' id='word_1_211' title='bbox 1427 4425 1664 4521; x_wconf 86' lang='lat' dir='ltr'>hominum</span> 
     </span>
    </p>
   </div>
   <div class='ocr_carea' id='block_1_3' title="bbox 0 0 2244 5858">
    <p class='ocr_par' dir='ltr' id='par_1_4' title="bbox 0 0 2244 5858">
     <span class='ocr_line' id='line_1_29' title="bbox 0 0 2244 5858; baseline 0 0"><span class='ocrx_word' id='word_1_212' title='bbox 0 0 2244 5858; x_wconf 95' lang='lat' dir='ltr'> </span> 
     </span>
    </p>
   </div>
  </div>
 </body>
</html>
