4472 5858
492 530 1367 642 ‹³nrn0-s‘1rrarvtn·
1507 551 1570 642 97·
1707 651 1711 658 ¹

293 775 429 894 neque
454 769 540 863 sine
565 771 686 898 gravi
723 743 861 858 caussa
901 797 1002 858 eum
1036 764 1212 868 locum,
1242 781 1371 876 quern
1401 765 1630 866 ceperant,

290 921 544 1011 dimittant.
575 915 666 1006 Ubi
695 915 899 1009 viderunt
929 903 1152 1000 Pontificii
1179 931 1258 993 nec
1291 900 1404 988 vires
1433 920 1513 980 nec
1543 887 1632 974 ani·

290 1093 415 1154 mum
451 1059 602 1151 nostris
623 1039 793 1168 deesse,
825 1073 906 1148 nee
939 1051 1079 1146 solum
1105 1049 1158 1140 ad
1190 1043 1402 1166 praelium
1432 1031 1656 1125 sustinenae

289 1201 419 1316 dum,
457 1203 526 1296 sed
557 1206 687 1296 etiam
718 1203 771 1294 ad
802 1202 1009 1294 ciendum
1049 1187 1347 1314 paratissimos,
1382 1181 1638 1292 multosque

288 1347 489 1457 suorum,
507 1351 582 1468 qui
605 1353 734 1470 primi
764 1353 977 1466 impetum
1001 1339 1212 1443 fecerant,
1237 1325 1425 1454 petiisse,
1444 1319 1549 1414 viui
1581 1317 1637 1408 ti·
1778 1415 1780 1418 ,
1840 1417 1842 1422 Α
1945 1335 1949 1345 ·

288 1523 411 1585 more
440 1523 576 1611 neque
605 1495 776 1584 ordines
806 1520 942 1608 neque
974 1483 1090 1608 figna
1112 1480 1331 1576 observare
1368 1483 1637 1592 coeperunt·
1736 1527 1739 1534 ι

289 1667 395 1730 mox
424 1665 539 1756 terga
570 1662 761 1747 vertere,
789 1635 1012 1756 praecipiti
1042 1632 1221 1724 demum
1239 1623 1279 1716 se
1298 1620 1338 1716 sc
1366 1609 1492 1736 fugae
1516 1631 1639 1698 com-

289 1783 482 1874 mittere.
512 1781 637 1874 Tum
667 1779 799 1874 nostri
838 1777 1104 1897 insequentes
1152 1769 1238 1862 stne
1292 1763 1502 1885 pugna&
1547 1745 1637 1836 fine

288 1921 466 2016 vulnere
509 1923 713 2043 dispersos
755 1921 1092 2030 interfecerunt,
1131 1925 1172 2008 δι
1223 1913 1375 2009 urbem
1418 1895 1640 1992 obsidione

138 2149 152 2165 .,
287 2060 498 2158 elausere.
540 2065 688 2178 Huius
722 2073 782 2159 rei
819 2068 1025 2158 nuntium
1065 2061 1229 2152 summa
1269 2051 1430 2144 laetitia
1465 2042 1641 2132 Floren-

288 2207 436 2317 tinos,
469 2207 713 2328 horumque
755 2209 895 2302 socios
930 2216 971 2304 δι
1016 2207 1179 2295 amicos
1210 2193 1448 2313 complevit
1482 2173 1640 2295 (103),

289 2379 416 2467 quare
448 2351 708 2444 Laurentius
740 2335 991 2444 hortabatur
1021 2350 1200 2450 Duces,
1227 2339 1302 2458 qui
1332 2332 1386 2423 ad
1421 2325 1641 2442 Pogibon·

288 2494 540 2616 tiumcunr
580 2497 773 2588 exercitu
816 2491 1122 2597 constiterant,
1152 2509 1204 2575 ut
1233 2481 1350 2602 pleni
1381 2470 1468 2591 spei
1499 2468 1639 2556 bonae

289 2659 419 2751 atque
449 2633 583 2723 animi
613 2633 814 2728 adversus
854 2637 1170 2756 Neapolitanos
1212 2621 1341 2717 castra
1385 2631 1640 2707 moverent.

289 2773 378 2893 lpse
409 2779 568 2868 interea
600 2776 909 2900 sapientiffimis
940 2773 1128 2874 consiliis
1160 2764 1449 2884 Reipublicae·
1488 2745 1600 2841 cons
1625 2789 1641 2808 ⁴

287 2921 429 3030 lebat,
460 2931 500 3012 dc
531 2923 693 3042 templa
723 2925 897 3032 adibat,
929 2930 969 3011 u
1000 2945 1099 3014 ante
1128 2945 1217 3006 atas
1256 2906 1465 3030 proiessus
1506 2887 1641 2977 visto·

208 3101 218 3112 ·
268 3065 398 3168 ἡῐὶτιῐῐι
437 3094 462 3152 a
501 3065 597 3153 Deo
633 3066 875 3160 immortali
904 3062 1179 3184 exposcebat.
1210 3055 1278 3142 Eo
1309 3073 1406 3138 tum
1438 3035 1547 3124 statu
1577 3053 1643 3117 res

291 3233 406 3313 erat,
423 3232 488 3326 ut
518 3203 647 3294 nostri
682 3237 866 3299 numero
899 3207 1132 3326 superiores
1165 3195 1321 3298 essent,
1354 3195 1399 3276 δι·
1427 3209 1531 3270 cum
1561 3169 1643 3260 sae·

287 3376 342 3466 pe
378 3347 614 3437 levioribus
660 3351 829 3464 praeliis
869 3343 1174 3451 dimicassent,
1209 3347 1250 3432 &
1307 3337 1354 3422 in
1392 3317 1642 3416 Senessfium

287 3485 400 3580 fines
438 3487 753 3600 incurrissent,
788 3489 952 3611 semper
1008 3483 1148 3580 onusti
1194 3477 1348 3600 praeda
1390 3479 1432 3560 dc
1474 3464 1641 3557 incolu-

287 3653 380 3721 mes
418 3627 457 3719 se
484 3629 524 3722 se
555 3633 601 3721 in
632 3631 762 3724 castra
791 3659 1065 3756 receperant.
1098 3633 1146 3720 ln
1170 3629 1243 3719 illa
1275 3613 1508 3710 dividenda
1538 3625 1642 3693 cum

288 3771 420 3866 essent
467 3779 698 3893 occupati,
740 3779 914 3890 majoris
957 3769 1124 3896 negotii
1165 3797 1313 3860 curam
1356 3759 1536 3874 abjicere
1572 3743 1668 3835 'vi-·

288 3911 531 4020 desumus,
563 3939 765 4038 tantaque
798 3919 880 4010 hac
911 3919 965 4008 de
996 3911 1134 4007 caussa
1165 3914 1429 4003 Mantuanos
1457 3905 1571 3990 inter
1602 3897 1645 3979 δι

289 4055 569 4147 Ferrarienses
602 4091 691 4148 non
723 4061 859 4152 modo
889 4063 1081 4169 militer,
1112 4055 1185 4148 sed
1216 4057 1346 4146 etiam
1380 4051 1512 4138 duces
1549 4062 1645 4128 orta
1708 4151 1709 4154 .

288 4193 348 4288 est
379 4203 629 4310 contentio,
648 4227 701 4292 ut
721 4205 775 4292 ad
799 4234 914 4294 arma
943 4201 986 4308 ¹se
1017 4201 1058 4292 se
1089 4202 1281 4290 invicem
1313 4193 1539 4284 vocarent·
1573 4176 1642 4264 De

285 4343 621 4430 reconciliandis
651 4347 808 4434 animis
838 4343 1105 4461 desperantes
1146 4336 1413 4466 florentini,
1450 4331 1490 4414 bc
1531 4307 1642 4410 mala

230 4595 233 4602 .
294 4485 503 4576 timentes
536 4482 567 4575 si
597 4481 689 4577 suas
718 4487 895 4602 quisque
920 4481 1143 4604 separatim
1174 4478 1319 4600 copias
1353 4462 1642 4567 administrare

1088 4618 1140 4717 N
1244 4653 1246 4656 ,
