4474 5858
576 487 1040 583 lincuntur
1102 485 1313 583 Vtra
1500 523 1581 602 173

310 737 375 799 an.
408 738 721 802 Mccccrxxxvn.
765 708 953 829 Neapoli
996 708 1126 799 saliae
1163 705 1335 798 suerunt
1370 737 1514 798 coram
1557 709 1642 796 Re·

311 884 362 970 ge
391 859 431 942 δι
462 850 652 944 universa
683 852 778 942 aula
807 856 855 942 in
885 851 980 971 ipsas
1011 855 1158 971 Regiis
1176 853 1347 942 aedibus
1366 881 1523 970 magno
1541 881 1644 940 con*

310 995 419 1086 vivii
461 1001 501 1084 δι
543 995 795 1088 chorearum
836 1021 1034 1115 apparatu
1071 995 1183 1110 (182
1201 993 1247 1108 ).
1291 995 1501 1107 Quamvis
1543 1015 1644 1092 ante

310 1137 415 1228 haec
451 1133 653 1255 sponsalia
684 1166 835 1256 magna
876 1139 1123 1252 conjunetio
1153 1139 1383 1236 Laurentio
1414 1134 1510 1228 ellet
1540 1162 1645 1224 cum

312 1277 526 1386 Ursmiis,
557 1279 667 1367 hanc
698 1304 842 1368 tamen
872 1283 1091 1371 ardiorcm
1134 1279 1295 1388 facere,
1328 1277 1482 1396 sibique
1513 1277 1648 1392 magia

312 1418 525 1539 magisque
555 1421 762 1511 demereri
794 1423 1044 1541 Virginium
1074 1421 1326 1534 Ursinium,
1356 1422 1431 1539 qui
1462 1440 1551 1512 erat
1585 1416 1646 1508 sa-

311 1564 456 1656 miliae
492 1564 711 1680 princeps,
743 1565 1011 1682 pollebatque
1040 1570 1284 1660 auiloritate
1314 1576 1352 1656 u
1386 1565 1544 1684 gratia,
1575 1589 1647 1650 ve·

312 1704 532 1798 bernenter
557 1710 840 1824 concupivit.
870 1708 1036 1798 Eodem
1066 1735 1259 1828 tempore
1289 1707 1466 1800 finitimi
1496 1728 1649 1796 omnes
1720 1722 1724 1730 ·

312 1847 505 1940 Etruriae
535 1849 671 1965 reguli
715 1848 802 1962 ejus
843 1849 1095 1944 affinitatem
1137 1875 1330 1969 appetere
1369 1850 1647 1952 videbantur,

313 1997 354 2080 δι
395 1996 600 2108 quoniam
643 1991 842 2110 sanguine
883 1991 1101 2105 conjundi
1143 2021 1246 2082 cunr
1288 1992 1519 2083 Laurentio
1566 1984 1647 2080 else

313 2163 403 2226 non
432 2159 631 2251 potuere,
662 2161 713 2224 ut
736 2131 865 2228 allent
893 2133 1040 2223 saltem
1072 2135 1276 2232 amicitiis
1306 2161 1560 2251 magnopere
1589 2129 1648 2216 la·

313 2277 542 2369 borabant.
579 2279 721 2391 ltaque
752 2273 962 2365 balleonii
992 2274 1203 2383 Perusmi,
1238 2277 1409 2367 Vitellii
1442 2272 1643 2364 Tiferno·

314 2447 402 2528 tes,
439 2417 656 2506 Bentivoli
689 2413 999 2525 Bononienses,
1035 2417 1289 2536 lllalespinae
1313 2421 1524 2536 Apuani,
1569 2413 1648 2501 Fa-

312 2562 561 2677 ventiniquc
591 2554 820 2648 Manl'redii
851 2557 904 2647 ab
933 2559 1047 2648 illius
1076 2557 1256 2650 consilio
1286 2558 1343 2650 src
1375 2559 1644 2680 pendebant,

313 2725 365 2792 ut
396 2731 537 2792 unum
565 2699 675 2792 illud
705 2703 751 2792 in
781 2701 904 2792 omni
933 2729 977 2790 te
1006 2701 1167 2820 agenda
1208 2700 1409 2819 respicere
1450 2701 1653 2788 viderem

313 2865 409 2929 tur.
434 2844 556 2929 Dum
588 2869 690 2930 vero
719 2837 805 2956 ipse
835 2870 1034 2930 amovere
1062 2838 1270 2958 satagebat
1302 2843 1401 2947 illa,
1430 2869 1535 2956 quae
1566 2865 1643 2926 cu·

311 2984 537 3103 piditatenr
577 2983 928 3098 &arrogantiam
958 2984 1004 3071 in
1035 2979 1132 3099 ipsas
1161 2981 1388 3072 incendere
1425 3005 1646 3100 poterant,

283 3123 623 3246 ’vigilabatqum
643 3153 698 3214 ne
726 3125 875 3214 liceret
904 3123 1216 3242 potentioribus
1246 3123 1497 3214 eorumdem
1529 3153 1648 3214 men·
1750 3178 1754 3187 ,

313 3293 375 3360 tes
406 3294 623 3384 corruptas
653 3267 973 3384 largitionibus,
1000 3264 1205 3378 omnique
1234 3265 1441 3352 vitiorum
1473 3265 1562 3356 labe
1593 3264 1649 3354 ad

314 3412 426 3502 mala
456 3408 630 3500 consilia
660 3417 701 3500 δι
732 3409 873 3501 ltaliae
905 3404 1205 3522 tranquillitati
1232 3405 1466 3519 periculosa
1501 3406 1646 3498 tradu-

314 3581 436 3661 cere,
465 3580 655 3670 quonam
683 3556 831 3644 animo
862 3547 966 3640 ferre
992 3543 1217 3665 potuisset,
1235 3573 1286 3634 ut
1314 3547 1491 3636 illorum
1520 3551 1653 3642 ruina.

312 3695 346 3784 ii
376 3695 502 3786 altius
531 3691 825 3801 ascenderent,
853 3693 930 3809 qui
970 3685 1011 3782 se
1040 3693 1217 3807 imperia
1247 3692 1460 3806 quaelibet
1489 3719 1651 3782 concu-

313 3834 470 3955 piscere
500 3833 613 3954 polle
642 3839 874 3956 putabant?
901 3833 1169 3951 Quapropter
1200 3828 1449 3924 felicitatem
1482 3841 1523 3924 δι
1553 3863 1652 3951 pro·

312 3981 550 4070 videntiam
591 3980 772 4067 laudabo
802 3976 1047 4082 Laurentii,
1079 3978 1153 4091 qui
1197 3977 1242 4064 in
1285 3973 1356 4064 sua
1398 3975 1650 4062 austoritate

314 4117 546 4210 subsidium
582 4113 725 4206 salutis
755 4113 915 4231 semper
950 4145 1020 4205 eos
1056 4115 1207 4204 habere
1240 4116 1450 4218 voluerit,
1486 4142 1535 4198 ae
1566 4109 1650 4202 sat·

314 4292 368 4381 pe
389 4259 612 4352 adduxerit
642 4261 695 4350 ad
718 4260 941 4361 arbitrium
976 4254 1099 4345 suum
1124 4281 1235 4342 ortas
1265 4252 1513 4373 eorumdem
1534 4245 1653 4342 caus·

317 4397 721 4510 sacontrouersras,
752 4429 858 4518 quae
891 4394 970 4490 nist
1010 4391 1182 4490 luissent
1211 4396 1441 4504 extinuae,
1471 4425 1647 4514 magnas
