4492 5860
670 447 729 530 44
848 407 1763 544 Lnunturrrermcss

610 639 683 728 cio
709 647 835 754 atque
863 631 1019 750 injurie
1060 631 1322 734 abstinerent
1337 681 1355 732 .·
1384 640 1470 734 Sed
1510 649 1614 734 cum
1655 639 1741 761 ipse
1789 637 1958 735 medius

608 789 720 876 inter
761 781 922 899 legatos·
957 775 1131 872 venillet
1173 784 1220 872 in
1264 781 1439 896 fotum,
1479 814 1604 907 atque
1647 787 1763 876 urbis
1815 785 1957 904 Magi-

549 942 559 956 *
608 923 782 1016 stratum
821 922 1025 1052 (Priores
1070 928 1263 1042 vocant)
1309 925 1477 1044 jusslllet
1513 963 1536 1020 e
1578 927 1713 1020 domo
1743 927 1957 1047 praetoria

607 1069 831 1178 excedere,
860 1101 972 1164 unus
1001 1103 1054 1164 ex
1088 1071 1155 1164 his
1186 1071 1283 1164 casu
1316 1075 1364 1162 in
1385 1073 1590 1162 militum
1631 1073 1858 1163 cohortem
1889 1073 1956 1158 in·

605 1214 738 1324 cidit,
771 1223 812 1306 &
848 1245 952 1308 cum
983 1216 1171 1311 irrifione
1212 1215 1394 1311 vestibus
1433 1212 1661 1334 spoliatur.
1692 1215 1817 1304 Hinc
1861 1240 1955 1304 tan·

604 1388 731 1478 quam
762 1359 965 1451 omnibus
996 1359 1147 1452 datum
1176 1359 1343 1482 fignum
1386 1357 1485 1457 effet
1533 1359 1587 1450 ad
1628 1355 1956 1480 praedandum,

603 1528 858 1618 contempto
884 1501 1091 1594 Frideriei
1123 1509 1340 1626 imperio,
1371 1535 1462 1596 non
1495 1503 1629 1596 modo
1659 1507 1719 1612 ii,
1751 1505 1829 1620 qui·
1858 1500 1957 1592 Flu·

602 1652 905 1758 rentinorum,
936 1641 1005 1736 sed
1045 1649 1173 1738 etiam
1212 1651 1287 1767 qui
1323 1650 1705 1742 Volaterranorum
1744 1643 1950 1763 stipendia

528 1853 531 1858 -
601 1793 851 1900 merebant,
893 1793 1075 1883 immani
1139 1795 1315 1884 avaritia
1362 1789 1663 1884 nocentiffimi.
1693 1787 1788 1878 fana
1816 1813 1967 1918 atque

601 1937 757 2028 domos
787 1937 1025 2054 expoliare,
1070 1967 1160 2028 non
1188 1938 1466 2060 ¹virginibus,
1510 1969 1600 2030 non
1641 1932 1847 2026 matribus
1887 1927 1951 2018 fa·

600 2083 819 2168 miliarum
856 2111 1051 2197 parcere,
1093 2083 1291 2191 caedem,
1336 2079 1547 2186 incendia,-
1575 2077 1743 2187 facere,
1784 2075 1946 2182 armss,

600 2219 898 2327 cadaveribus,
933 2247 1085 2310 cruore
1119 2247 1245 2338 atque
1274 2225 1392 2314 lultu
1433 2227 1581 2315 omnia
1611 2219 1850 2339 compleret
1880 2219 1944 2308 lm

599 2359 854 2454 nobiliffuna
889 2369 930 2454 δι
977 2363 1262 2482 antiquiffime
1296 2367 1491 2464 Etruriae
1528 2365 1625 2456 urbs
1667 2393 1774 2484 pene
1809 2353 1946 2452 excise

599 2501 709 2615 fuit,
743 2513 785 2596 llc
802 2537 922 2624 ‚quae
948 2505 1153 2640 xducentis
1184 2517 1225 2599 dt
1266 2513 1450 2629 amplius
1474 2512 1599 2621 ‚annis
1639 2533 1764 2616 ante,
1797 2531 1974 2624 quam*
2035 2625 2040 2634 ι

598 2637 674 2738 νίς
703 2653 749 2740 vi
788 2679 910 2770 capta
948 2683 971 2744 a
1003 2655 1288 2766 Florentinis,
1319 2656 1484 2746 nullam
1515 2685 1539 2742 a
1570 2650 1800 2742 vilioribus
1830 2645 1942 2758 iuju-

598 2793 706 2880 riam
724 2823 968 2912 acceperat,
992 2799 1188 2892 dedititia
1215 2799 1337 2890 nulla
1367 2827 1457 2890 non
1487 2793 1589 2886 belli
1620 2793 1730 2884 mela
1759 2781 1942 2910 perpella

593 2929 656 3026 est
685 2934 781 3050 (34)
800 3003 810 3027 .
827 2935 925 3028 ·Sed
961 2937 1066 3029 haec
1094 2945 1230 3061 magis
1252 3007 1265 3052 ,
1290 2971 1418 3059 quam
1448 2966 1694 3060 temporum
1725 2931 1947 3036 licentiae,

595 3077 789 3197 perverso
829 3085 944 3174 mori
984 3083 1210 3176 tribuenda
1252 3083 1382 3199 sunt,
1421 3089 1497 3205 qui
1536 3085 1612 3174 diu
1656 3087 1703 3173 in
1737 3073 1943 3195 Republi-

595 3252 646 3311 ca
675 3223 920 3318 Florentina
960 3229 1078 3318 malo
1096 3303 1103 3314 .
1118 3229 1237 3321 illius
1268 3227 1359 3321 fato
1404 3229 1618 3333 obtinuit,
1659 3219 1942 3314 mercenarios

594 3389 724 3480 atque
756 3395 953 3458 externos
994 3371 1154 3458 milites
1196 3365 1430 3461 scribendi.
1474 3369 1541 3456 Hi
1582 3371 1697 3454 enim
1739 3361 1855 3478 saepe
1899 3386 1942 3446 e·

594 3532 692 3594 rant
715 3510 767 3630 ‚in
796 3509 910 3598 bello
938 3513 1082 3628 ignavi
1111 3537 1237 3631 atque
1261 3511 1384 3602 infidi
1403 3573 1415 3619 ,
1436 3537 1656 3624 nunquam
1686 3503 1847 3595 nonin
1877 3497 1942 3586 vi·

594 3649 726 3740 storia
760 3651 992 3745 insolentes
1021 3681 1146 3774 atque
1184 3684 1377 3776 rapaces,
1400 3661 1440 3744 &
1469 3652 1548 3742 hac
1579 3679 1666 3740 una
1699 3639 1864 3740 fortalle
1895 3669 1941 3732 re

594 3795 957 3914 commendandi,
1002 3800 1119 3916 quod
1167 3831 1270 3890 cum
1318 3800 1505 3917 pericula
1551 3798 1702 3886 mortis
1730 3790 1938 3882 declina·

590 3943 717 4048 rent,
748 3970 884 4058 neque
917 3941 1153 4034 admodum
1194 3940 1325 4032 ellent
1367 3945 1429 4032 rei
1460 3925 1656 4030 militaris
1699 3937 1848 4055 periti,
1895 3935 1936 4018 δι
2012 3951 2017 3954 ·

591 4082 837 4204 disciplinae
867 4085 1094 4204 patientes,
1118 4087 1358 4180 efficiebant
1392 4117 1447 4174 ne
1490 4085 1644 4202 praelia
1673 4079 1816 4170 multo
1845 4071 1936 4162 san-

593 4231 723 4349 guine
754 4229 1049 4346 foedarenmr.
1095 4232 1201 4322 Hoc
1247 4231 1412 4321 bellum
1457 4227 1640 4318 feliciter
1678 4215 1936 4314 administra·

593 4393 687 4460 tum
723 4376 909 4464 maxiano
941 4375 1101 4470 laetitia
1140 4371 1283 4470 affecit
1321 4371 1617 4480 Florentinos,
1638 4369 1792 4486 Ibique
1822 4360 1933 4454 divi·
