4474 5858
445 531 1345 646 ,Mreutrrorzvret-r·
1462 553 1539 648 183

244 817 252 826 1-
264 752 412 862 rerinl
430 752 512 844 sed
543 754 818 852 ¹bte'vi'tanta
849 753 931 852 fult
961 755 1333 854 rerum'omnium
1364 751 1522 853 amiffio
1552 789 1603 848 ac

267 895 528 1016 desperatio,
556 925 609 997 ut
636 899 856 994 Rhodum
877 899 1139 1026 profugerit.
1164 905 1414 998 Mirandum
1441 909 1486 994 in
1510 929 1604 990 mo-
1724 1025 1733 1040 Ι

260 1039 367 1130 rium
391 1037 523 1132 irini
564 1041 708 1134 itarus'
732 1041 1066 1151 'Rhodianor'um
1110 1053 1302 1142 militum
1345 1039 1600 1168 Magistrum

204 1159 211 1168 ’
255 1175 484 1278 ¹sollicitare
526 1214 615 1276 non
645 1185 855 1282 defistebat
895 1193 947 1280 ad
996 1221 1201 1314 magnum
1245 1193 1406 1312 aliquid
1425 1215 1429 1223 ’
1448 1184 1603 1285 contra

259 1323 426 1415 Turcas
452 1327 739 1436 tentandum,
767 1329 963 1426 futurum
993 1335 1185 1455 proferto
1206 1325 1602 1452 affirmans,'s1'iple
1682 1438 1688 1448 ,
1779 1399 1782 1406 ,

259 1463 602 1560 Christianorum
646 1473 895 1592 Principum
935 1483 1103 1574 auxiliis
1146 1487 1193 1576 in
1236 1507 1415 1602 patemo
1465 1477 1600 1595 regno

258 1608 566 1722 collocaretur,
596 1639 648 1703 ut
666 1619 812 1708 omnia
842 1617 1025 1712 xsecunda
1056 1619 1206 1714 nostris
1237 1627 1488 1718 euenirent.
1509 1617 1594 1710 Sed

257 1747 368 1839 nihil
397 1751 515 1842 aliud
545 1753 765 1868 obtinuit,
795 1759 873 1851 nili
916 1789 967 1853 ut
1010 1767 1140 1856 multi
1181 1766 1271 1882 ejus
1311 1762 1599 1857 calamitatem

255 1915 525 2004 moererent,
556 1909 794 2017 cogitantes
824 1903 1093 2020 praesertim,
1124 1941 1212 2028 quo
1242 1936 1487 2030 quantoque
1519 1933 1599 2023 pu·

256 2041 321 2123 t'te
348 2029 448 2153 :ipse
477 2041 646 2156 genitus
675 2037 796 2132 ellat.
829 2045 1056 2168 Bryazetes
1087 2056 1260 2148 interim
1297 2056 1470 2150 nullum
1498 2075 1601 2138 non·

256 2178 704 2298 nrovebat'lapidem,
737 2197 789 2276 ut
818 2183 894 2276 fibi
924 2189 1054 2286 frater
1096 2195 1359 2304 traderetur;
1389 2205 1431 2288 &
1472 2188 1604 2312 quod·

254 2314 336 2408 hac
367 2321 412 2408 in
444 2347 488 2410 re
517 2323 672 2415 utilem
703 2323 793 2419 fore
823 2329 1045 2426 Laurentii
1087 2365 1258 2456 operam
1300 2333 1423 2454 atque
1464 2331 1608 2422 fidem'

255 2454 540 2573 existimabat,
575 2464 687 2560 hanc
718 2477 883 2592 magnis
912 2477 1108 2594 precibus
1138 2507 1189 2570 ac
1228 2476 1436 2597 promiffis
1466 2465 1603 2592 erpo·v

253 2595 421 2713 poscit.
455 2605 635 2704 Facinus
664 2609 808 2705 visunt
839 2611 895 2708 est
938 2619 1169 2740 indignum
1216 2619 1480 2723 Laurentio,
1522 2613 1597 2706 cui

253 2732 382 2832 facile
413 2741 497 2838 fuit
527 2750 845 2858 excusationem
877 2757 1026 2872 justam
1057 2788 1183 2877 atque
1201 2763 1404 2853 idoneam
1421 2754 1592 2848 afferre.

253 2876 422 2970 Eodem
452 2913 644 3004 tempore
675 2899 924 2988 exorabatur
954 2901 1198 3013 aVenetis,
1224 2933 1278 2994 ne
1309 2904 1519 3020 Zyzimus
1549 2901 1597 2988 in

252 3017 456 3137 potestate
491 3022 1060 3162 ellet'HungoriaeRegis,
1091 3073 1235 3162 aquo
1268 3073 1315 3132 ea
1357 3041 1411 3136 de
1459 3036 1607 3129 caulla

252 3162 529 3260 vehementer
559 3175 781 3290 petebatur
797 3245 811 3290 ,
828 3184 943 3298 quod
976 3213 1050 3302 pet
1080 3213 1182 3276 eum
1220 3185 1380 3276 Turcis
1409 3181 1493 3276 luis
1517 3187 1607 3288 ims

251 3301 540 3419 placabilibus
558 3317 1001 3442 inimicis'negotium
1025 3321 1218 3416 facellete
1250 3323 1457 3444 sperabat.
1477 3327 1599 3418 Con-

258 3445 361 3564 tigit
389 3451 564 3568 quidem
584 3457 838 3573 Laurentio,
856 3489 909 3556 ut
931 3469 1006 3584 qui
1029 3467 1082 3560 de
1111 3471 1300 3588 Zyzimo
1328 3495 1404 3563 aut
1432 3496 1598 3561 metum

250 3611 326 3681 uttt
355 3585 471 3709 spem
502 3611 813 3718 conceperant,
841 3606 930 3720 ejus
947 3605 1080 3701 studia
1110 3639 1236 3730 atque
1268 3610 1413 3704 officia
1445 3614 1594 3730 exqui-

251 3723 427 3842 ficrint;
472 3742 513 3828 δι
556 3739 674 3856 quod
713 3743 854 3838 honor
898 3751 1123 3844 Pontificis
1161 3759 1348 3847 maxime
1389 3759 1429 3845 ei
1458 3751 1593 3845 ‘cordi

250 3899 363 3983 erat,
393 3878 483 3996 egit
512 3877 756 3997 praesertim
793 3917 895 3977 curn
928 3891 1096 3988 Galliae
1128 3902 1270 4017 Rege,
1302 3925 1354 3989 ut
1383 3901 1594 4016 Zyzimus
1720 3913 1723 3918 ’

250 4011 441 4110 Romam
471 4021 789 4115 traduceretur.
827 4028 991 4123 Paucos
1033 4037 1094 4128 ibi
1138 4044 1250 4129 vixit
1292 4037 1484 4154 captivus
1525 4062 1599 4124 an-

249 4183 358 4266 nos,
389 4155 560 4279 luitque
588 4159 700 4254 fama
729 4191 804 4258 aut
833 4199 1029 4266 moerore
1047 4241 1060 4286 ‚
1080 4205 1156 4270 aut
1173 4207 1339 4268 veneno
1359 4169 1603 4291 ,impetun--

252 4319 298 4386 te
329 4299 577 4394 Alexandro
612 4305 715 4412 Vl,
746 4307 960 4406 sublatum
997 4314 1123 4405 illum
1156 4311 1299 4408 foille.
1331 4315 1463 4408 Erant
1492 4342 1590 4410 tum

257 4435 511 4538 italicorum
540 4441 793 4570 Principum
818 4449 981 4564 multi,
1010 4455 1086 4574 qui
1120 4451 1208 4548 fine
1252 4456 1420 4576 injuria·
1443 4481 1592 4580 poten·

1094 4597 1196 4694 Aa
