4472 5858
688 455 746 562 9⁸
864 452 1349 602 Lauranrrr
1410 469 1772 580 Maureta
1878 423 1881 431 1

626 667 780 776 uellet,
815 698 894 762 nec
952 691 1079 792 penes
1114 707 1258 775 unum
1295 683 1462 784 summa
1490 693 1663 816 imperii
1692 699 1823 816 esset,
1860 703 1995 842 “Ptiss,

627 839 751 903 mum
782 807 895 906 sadu
924 845 1129 934 putarunt
1146 825 1199 916 ab
1227 823 1269 922 se
1292 834 1512 933 dimittere
1537 843 1863 940 Ferrariensrum
1881 849 1978 940 Du·

625 983 723 1044 cem
764 986 868 1048 cum
899 957 983 1054 suis
1013 967 1253 1086 militibus,
1284 1008 1475 1096 quorum
1516 981 1694 1082 discessu
1724 989 1841 1112 haud
1879 1021 1969 1084 me·

362 1198 363 1207 N
475 1155 477 1171 ι
621 1093 833 1194 diocriter
866 1105 996 1202 nostri
1029 1119 1243 1214 exercitus
1292 1124 1403 1220 'vires
1434 1124 1533 1224 sunt
1559 1129 1828 1228 debilitatae.
1869 1133 1972 1238 ΗΕ

619 1251 885 1369 recognita,
912 1259 1198 1355 concionatur
1224 1271 1336 1388 apud
1356 1273 1514 1368 milites
1527 1275 1820 1370 Calabrorum
1840 1279 1970 1388 Dux,

617 1389 672 1482 iis
700 1389 860 1512 sibique
891 1401 1076 1498 maxime
1120 1413 1368 1528 gratulans,
1399 1420 1516 1536 quod
1545 1421 1815 1542 peritissimus
1843 1449 1970 1542 atque

617 1537 981 1636 exercitatissimus
1010 1547 1242 1669 Imperator
1271 1567 1312 1650 dt
1349 1563 1679 1660 bellicosrffimae
1709 1569 1858 1686 copiae
1879 1566 1967 1660 abia

616 1674 763 1792 illent,
794 1714 924 1802 eaque
952 1719 1125 1812 propter
1164 1701 1225 1790 rei
1255 1703 1550 1806 conficiendae
1579 1707 1847 1804 occafionem
1883 1710 1967 1802 mia

615 1821 735 1916 nime
773 1829 1092 1928 amittendam.
1131 1843 1313 1964 ltaque,
1356 1849 1476 1946 nulla
1522 1853 1769 1977 interposita
1812 1881 1964 1966 mora,

613 1966 759 2081 copias
802 1971 952 2084 Senis,
983 1980 1073 2088 {ubi
1114 1986 1416 2104 considebant,
1460 1997 1635 2110 educit,
1676 2029 1815 2118 neque
1857 2025 1962 2087 cou-

613 2107 826 2220 quiescere
867 2115 1016 2232 jubet,
1052 2153 1280 2252 aptequam
1321 2143 1368 2232 in
1405 2143 1678 2263 conspolium
1719 2137 1962 2232 nostrorum

612 2243 841 2344 uenissent.
874 2260 1014 2352 Simul
1054 2261 1181 2387 arone
1221 2277 1450 2376 adventare
1491 2290 1586 2380 illas
1621 2297 1960 2406 cognoveron'ta

612 2409 754 2482 motus
777 2390 917 2492 subito
935 2407 1069 2500 timor
1085 2444 1251 2511 mentes
1267 2425 1518 2545 animosque
1536 2431 1793 2548 occupavit,
1812 2455 1959 2544 quam·-

609 2531 675 2630 Yis
701 2565 809 2652 quae
838 2543 938 2637 ell'et
968 2553 1104 2648 caulla
1134 2563 1317 2656 timendi
1342 2569 1632 2688 ignoraretur,
1663 2598 1714 2664 ut
1742 2569 1855 2660 nihil
1885 2597 1960 2686 vag

607 2670 768 2774 luerint
797 2687 977 2784 Ducum
1007 2731 1166 2814 voces,
1197 2711 1272 2826 qui
1289 2719 1552 2833 paucitatem
1570 2712 1782 2822 hostium,
1801 2741 1957 2832 oppor‘·

608 2818 838 2920 tunitatem
866 2835 981 2950 loci,
1004 2851 1162 2962 patriae
1178 2857 1447 2980 periculum,
1481 2853 1665 2950 foederis
1698 2859 1957 2978 religionem

606 2971 903 3080 proponebant
935 2983 987 3069 ad
1018 2988 1116 3080 illos
1136 3009 1175 3082 ‘a
1203 3003 1427 3121 praecipiti
1462 3011 1504 3094 &
1526 3000 1649 3092 foeda
1677 2997 1778 3120 fuga
1808 2997 1955 3090 conti.

607 3106 792 3202 nendos.
818 3114 866 3206 ln
896 3143 1014 3216 tanta
1039 3133 1234 3228 militum
1267 3143 1440 3261 ignavia
1467 3145 1702 3236 visloribus
1727 3140 1837 3236 nihil
1868 3145 1951 3234 im·
2025 3243 2026 3246 γ

607 3252 831 3371 peditum,
851 3263 972 3356 vidis
993 3273 1104 3366 nihil
1120 3304 1282 3374 *tutum
1310 3284 1390 3378 esse
1410 3287 1665 3388 videbatur;
1687 3311 1817 3406 quare
1834 3311 1954 3378 tanta

604 3393 770 3490 tristitia
794 3433 844 3492 ac
866 3436 999 3522 pavor
1022 3415 1295 3516 Florentinos
1323 3429 1501 3539 invafit,
1519 3431 1696 3548 perinde
1717 3463 1766 3522 ac
1793 3427 1824 3520 s1
1848 3429 1952 3522 urbs

603 3535 660 3668 ala
687 3537 875 3638 hostibus
918 3579 1044 3672 capta
1073 3565 1228 3656 eodem
1261 3568 1437 3689 'vestigio
1479 3572 1602 3666 esset.
1634 3571 1830 3666 Proseilo
1870 3569 1952 3666 nisa

602 3679 778 3792 praedae
800 3715 945 3800 amor,
975 3699 1120 3818 visque
1156 3713 1358 3806 avaritiae
1382 3743 1547 3808 morata
1566 3700 1708 3811 fdill'ct
1740 3716 1946 3838 Neapoli·

603 3841 759 3936 tanos,
788 3838 1022 3946 quominus
1052 3847 1162 3938 resia
1194 3849 1456 3947 Florentiam
1489 3863 1825 3964 contenderent,
1857 3883 1948 3956 maz

603 3996 692 4085 guo
724 3972 770 4060 in
805 3979 1000 4092 periculo
1023 3987 1124 4078 urbs
1152 3990 1226 4080 illa
1255 3991 1416 4090 suisset.
1448 4000 1574 4093 Haec
1602 4029 1654 4094 ut
1687 3994 1945 4118 durioriafq

599 4103 835 4210 fliilaretur
873 4117 1045 4222 fortuna
1090 4133 1300 4232 efficiebat
1334 4143 1464 4256 etiam
1502 4140 1767 4262 pestilentia,
1797 4141 1943 4263 reique

599 4244 898 4358 frumentariae
933 4275 1103 4394 inopia,
1122 4337 1123 4340 κ
1139 4308 1270 4398 quam
1300 4285 1481 4402 augebat
1519 4315 1700 4407 magnus
1735 4287 1941 4409 agricola·

601 4422 700 4490 turn
729 4432 958 4525 numerus,
976 4425 1052 4538 qui
1082 4451 1185 4516 cum
1224 4427 1431 4518 uxoribus
1464 4437 1505 4522 δι
1536 4429 1681 4524 liberis
1695 4433 1803 4529 illuc
1832 4461 1940 4570 con-
