4474 5858
585 495 1053 588 Mncnrarct
1106 493 1357 588 ·V1ra'
1467 521 1549 608 175

280 715 468 804 rentium
499 709 622 806 suille
652 713 783 806 multi
811 712 1107 827 contendunt,
1137 725 1178 808 ἃ
1220 713 1272 806 ab
1308 749 1363 809 eo·
1402 715 1456 806 ad
1501 709 1613 812 ulei*

276 853 446 946 scendas
475 854 796 974 praeteritorum
827 883 1073 978 tempotum
1105 855 1276 970 injurias
1294 881 1611 976 comparatum,

277 997 360 1090 Sed
390 997 609 1092 Laurentii
648 997 879 1092 confilium
909 1033 962 1094 eo
992 1003 1252 1120 pertinebat,
1293 1028 1344 1092 ut
1379 1000 1603 1090 hominem

277 1141 568 1253 lutulentum,
595 1141 847 1262 impurum,
877 1135 1036 1263 superis
1063 1171 1189 1263 atque
1220 1145 1470 1235 hominibus
1498 1139 1610 1230 invi·

275 1284 370 1379 sum
401 1285 454 1378 de
483 1278 723 1405 polleffione
765 1283 866 1378 Fori
905 1287 1101 1382 Cornelii
1141 1297 1182 1382 δι
1225 1281 1326 1380 Fori
1359 1277 1474 1376 Livii
1503 1281 1607 1395 deji-

276 1452 415 1522 ceret,
438 1427 569 1546 Quod
599 1461 702 1520 cum
732 1455 809 1551 per
837 1429 1044 1552 Legatum
1076 1421 1201 1523 suum
1231 1421 1484 1522 Gnidoncm
1514 1431 1610 1518 An·
1665 1463 1672 1472 ·

274 1575 449 1666 tonium
497 1567 789 1694 Vespuccium
841 1605 944 1666 cum
992 1570 1250 1666 Innocentio
1295 1569 1611 1666 communicas·

274 1713 336 1810 set
360 1715 521 1832 (184),
541 1712 655 1810 visus·
688 1715 745 1812 cst
774 1715 976 1811 Pontifex
1005 1741 1092 1810 una
1122 1712 1169 1808 in
1201 1745 1248 1810 re
1277 1705 1496 1823 diffidere,
1516 1705 1609 1804 cui·

274 1889 376 1952 nam
405 1862 532 1952 urbes
570 1857 669 1951 illae
697 1857 829 1950 ellent
866 1853 1170 1952 concedendae
1186 1885 1199 1948 ε·
1228 1879 1328 1948 nam
1359 1857 1448 1972 jura
1484 1849 1608 1946 Sedis

274 1999 550 2121 Apostolicae
576 2005 683 2092 tesla
713 1999 792 2094 elle
821 1996 1024 2109 volebat,
1056 2021 1161 2090 cum
1191 1993 1342 2092 utilius·
1370 2001 1410 2092 δὲ
1439 2001 1615 2116 aequius

274 2147 495 2238 videretur
522 2141 753 2236 Laurentio
783 2141 971 2237 Antonii
1000 2134 1222 2234 Ordelaffii
1252 2139 1408 2236 honori
1439 2149 1479 2229 &
1510 2140 1614 2252 juri*

273 2285 354 2378 bus
382 2285 541 2376 favere.
584 2283 706 2374 Dum
737 2285 882 2376 omnia
913 2308 1035 2376 erant
1075 2275 1268 2405 suspensa
1310 2283 1478 2378 inventi
1512 2269 1615 2372 sunt

272 2427 472 2522 homines
511 2425 713 2520 delendae
754 2423 993 2546 tyrannidis
1034 2424 1215 2550 cupidi,
1244 2424 1319 2548 qui
1360 2447 1512 2530 necem
1542 2419 1608 2513 illi

272 2568 417 2662 afferte
456 2567 767 2662 deliberarunt,
805 2569 853 2660 ld
898 2563 1076 2664 difficile
1116 2564 1363 2682 videbator,
1407 2563 1505 2690 quia
1535 2569 1617 2658 ille·

271 2709 481 2807 sollicitus
510 2703 769 2804 conscientia
799 2715 840 2802 dt
865 2703 1129 2831 suspicione,
1158 2738 1365 2832 metuque
1391 2711 1614 2832 agitatus,

270 2859 422 2948 urbem
466 2857 500 2944 F
502 2853 568 2948 ori
609 2856 756 2962 Livii,
790 2853 949 2972 inqua
987 2853 1198 2974 degebat,
1229 2845 1437 2974 praesidio
1476 2842 1608 2970 sepse«
1709 2894 1711 2900 ¹

270 3025 366 3110 tat,
393 3007 433 3090 δι
468 2996 634 3090 circum
670 2987 710 3086 se
740 2987 905 3114 semper
941 3019 1127 3090 armatos
1165 2991 1367 3090 homines·
1405 2989 1609 3088 habebat,

271 3142 357 3236 Sed
384 3139 525 3232 oblata
555 3134 613 3231 est
655 3129 826 3230 occafio
864 3141 1055 3256 ejusdcm
1095 3133 1359 3232 occisoribus
1400 3135 1462 3230 rei
1504 3137 1612 3226 bene

271 3286 503 3406 gerendae.
532 3281 685 3374 Fidem
715 3283 865 3374 dantea
903 3275 1170 3400 jurantesque
1204 3271 1246 3372 se
1274 3311 1366 3372 nou
1395 3275 1614 3374 redituror

271 3429 487 3535 domum,
516 3419 595 3516 nist
634 3447 858 3544 perempto
895 3446 1113 3544 tyranno,
1149 3419 1389 3534 conclave,
1431 3431 1478 3516 in
1516 3453 1608 3541 quo

270 3563 359 3690 ipse
400 3565 547 3688 paullo
585 3593 686 3659 ante
715 3593 1003 3676 coenaverat,
1035 3562 1128 3656 bini
1159 3561 1479 3685 ingrediuntur,
1518 3563 1616 3662 reli«

269 3711 368 3830 quio
393 3709 449 3801 ad
476 3735 699 3832 portarum
733 3701 971 3804 custodiam
1001 3709 1188 3804 aelidis,
1218 3706 1389 3802 infidias
1429 3703 1508 3803 libi
1536 3737 1612 3832 pa«

268 3857 352 3948 rari
382 3853 457 3948 ille
484 3848 624 3948 statim
653 3848 890 3962 intellexit,
920 3857 962 3944 dc
991 3850 1096 3972 quid
1125 3847 1313 3964 vellent,
1343 3845 1456 3974 ipsos
1481 3877 1608 3972 roga*

269 4003 364 4093 vit,
397 3999 627 4090 Clamant:
664 3993 820 4086 latroni
849 4019 961 4113 qaae
975 4011 1115 4112 potest
1141 3985 1293 4116 affbrrt‘
1318 3993 1471 4107 iniusta
1493 4001 1617 4094 nex?

268 4143 372 4254 Quo
398 4143 543 4252 dieto,
570 4135 724 4229 multis
757 4163 858 4229 eum
899 4133 1152 4230 vulneribus
1188 4128 1480 4230 confodiunt,
1505 4137 1615 4254 ὅρον

142 4312 145 4321 “
268 4281 424 4376 liamm.
451 4279 634 4374 cadaver
671 4315 698 4374 e
725 4277 903 4375 fenestra
930 4275 1136 4392 dejicimur
1167 4273 1339 4392 (185),
1381 4273 1603 4396 Reliquiae

266 4421 455 4520 &ossac
481 4423 619 4518 delete
644 4413 905 4532 voluissent,
932 4413 1007 4514 sed
1047 4437 1160 4516 uxor
1188 4415 1420 4518 Catharioa
1447 4411 1613 4520 sfoou
