4474 5858
508 511 1112 602 ··Mauu1rrcr
1170 503 1387 596 Vtra
1540 527 1619 618 tor

337 727 735 822 commendationes
759 724 873 818 luas:
897 754 1002 818 cum
1024 743 1129 818 vero
1159 723 1325 814 rideret
1351 746 1524 842 propter
1550 747 1669 839 egre·

333 871 446 987 giam
473 877 518 964 dr
547 867 796 989 singularem
826 865 929 962 lidei
957 869 1208 988 opinionem
1238 865 1402 956 multos
1426 871 1467 954 dr
1495 885 1672 980 magnos
1780 935 1783 944 .

333 1011 551 1133 Principes
588 1011 666 1105 suo
701 1011 859 1104 honori
903 1006 983 1104 elle
1028 1005 1253 1118 fautores,
1289 1005 1482 1130 capiebat
1527 999 1677 1094 auimo

333 1179 424 1246 uon
468 1157 733 1248 mediocrem
772 1155 1072 1274 voluptatem,
1100 1153 1216 1273 quod
1249 1153 1339 1266 ejus
1377 1146 1519 1242 officia
1560 1139 1680 1231 mul·

334 1297 389 1386 tia
419 1294 542 1388 saluti
577 1323 704 1416 atque
733 1297 890 1393 honori
928 1293 1089 1406 essent,
1124 1307 1165 1390 δε
1189 1299 1378 1389 nominis
1406 1315 1576 1412 quoque
1606 1277 1672 1370 sui

332 1441 647 1534 immortalitati
668 1434 1003 1562 suffragarentur.
1031 1439 1166 1534 Erant
1182 1445 1351 1534 Romae
1374 1427 1576 1532 malevoli
1599 1425 1678 1542 (hi

334 1583 453 1674 enim
479 1609 699 1700 nunquam
741 1579 918 1674 summis
948 1583 1050 1686 viris
1080 1581 1346 1699 defuerunt)
1375 1581 1450 1702 qui
1490 1571 1673 1668 affirma·

334 1753 430 1820 rent
448 1729 599 1818 metita
620 1725 842 1818 Laurentii
861 1754 954 1846 erga
972 1722 1230 1818 Pontificem
1250 1729 1419 1816 minora
1442 1716 1521 1814 ell'e
1538 1741 1668 1836 quana

336 1873 392 1962 ab
421 1872 500 1962 illo
528 1871 893 1988 praedicarentur3
916 1877 958 1960 δι
987 1880 1164 1958 mortuo
1182 1863 1260 1958 sub
1275 1863 1410 1957 finem
1431 1891 1500 1954 an.
1516 1885 1676 1950 arcoxc.

333 2011 686 2130 Florentinorum
715 2039 883 2106 oratore
914 2011 1078 2122 Joanne
1108 1999 1411 2116 Lrnfredinio‚
1441 1998 1564 2114 cuius
1603 2001 1672 2089 in-

334 2155 606 2275 tegerrimam
636 2157 796 2262 vitam,
823 2151 1144 2246 modestissimos
1175 2180 1345 2260 mores,
1378 2142 1591 2239 summanr
1619 2131 1672 2226 fi·

334 2297 461 2406 dem,
483 2297 777 2414 prudentiam,
806 2298 1101 2386 innocentiam
1133 2297 1321 2386 maxime
1337 2289 1540 2410 diligebat
1565 2285 1678 2374 Pon·
1798 2315 1803 2322 ·

334 2437 464 2546 tifex,
483 2440 593 2528 tanti
616 2437 840 2556 ponderis,
860 2436 984 2528 sicuti
1014 2465 1163 2548 antea,
1187 2435 1299 2558 apud
1321 2433 1447 2527 illum
1473 2453 1562 2518 non
1586 2414 1681 2512 fore

334 2579 553 2677 Laurentii
584 2579 984 2672 commendationes
1011 2581 1163 2694 (209),
1186 2583 1307 2694 Quae
1329 2575 1468 2668 oratio
1493 2595 1596 2658 cunr
1626 2557 1682 2654 ad

334 2745 453 2814 autes
492 2721 618 2840 ipfius
645 2715 872 2810 Pontificio
898 2719 1178 2838 pervenill'er‚'
1207 2705 1516 2811 contumeliosa
1544 2705 1597 2796 ab
1623 2732 1678 2796 eo

335 2861 478 2950 habita
497 2859 579 2965 eil,
604 2859 729 2974 seque
759 2865 817 2948 ita
835 2857 1053 2952 confidere
1082 2857 1137 2950 de
1161 2861 1323 2950 virtute
1350 2845 1568 2946 Laurentii
1581 2855 1599 2956 ,'
1620 2844 1681 2934 ei*

335 3023 418 3116 que
452 2998 530 3088 uni
562 3021 731 3088 tantum
762 2999 948 3092 tribuere
978 2995 1185 3109 ostendit,
1220 3026 1274 3090 ut
1301 2991 1411 3088 istud
1442 2991 1585 3112 potius
1616 2983 1681 3101 ju

336 3140 502 3232 dicium
537 3167 673 3270 ¹quam
714 3133 903 3232 studium
943 3135 1044 3234 ellet
1082 3141 1448 3234 existimandum.
1491 3126 1679 3220 Minime

337 3279 424 3374 hoc
453 3281 557 3374 loco
586 3283 937 3399 praetereundum
967 3283 1244 3392 arbitror‚·in
1275 3277 1451 3370 illorum
1482 3295 1680 3384 numeru,

337 3451 419 3540 pto
457 3451 645 3542 quorum
688 3423 854 3518 honore
894 3419 1181 3516 studiolillime
1210 3417 1466 3542 supplicavit
1494 3413 1680 3506 Lauren-

340 3565 455 3672 tius,
484 3563 666 3658 extirille
695 3563 989 3658 Alexandrum
1033 3561 1303 3674 Funestam,
1344 3563 1416 3654 cui
1461 3580 1682 3652 nontam

336 3711 469 3828 gratia
500 3733 629 3824 quam
660 3701 797 3796 caulia
827 3705 1005 3826 rogandi
1037 3703 1227 3824 profuit.
1259 3711 1297 3798 ls
1318 3705 1436 3798 enim
1466 3729 1581 3810 etat,
1602 3691 1699 3814 qui'

336 3853 676 3952 adolescentulus
716 3849 929 3972 profetlua
972 3853 1082 3946 Pisae
1110 3854 1347 3948 studiorum
1391 3847 1529 3946 caussa
1571 3836 1684 3932 mul·

335 4019 433 4088 tum
465 3996 703 4113 profecerat
735 3999 780 4086 in
822 3997 1071 4087 Graecis&
1114 3997 1490 4092 Latinis-litteris,
1521 3983 1695 4100 quique

336 4139 607 4254 integritate,
633 4133 864 4244 modestia,
891 4137 1052 4228 virtute
1081 4133 1279 4250 fingulari
1309 4125 1523 4234 eli'ecerat,
1550 4149 1602 4212 ur
1630 4121 1680 4212 iu

337 4305 398 4365 eo
421 4279 528 4368 nilril
558 4305 745 4388 unarum
777 4279 849 4364 rel
874 4281 916 4362 in
937 4279 1099 4363 lubrica
1127 4281 1264 4367 aetate
1292 4271 1424 4364 fuerit
1452 4263 1675 4386 reprehen·

338 4409 433 4506 sum
447 4475 462 4523 ,
477 4439 610 4530 utque
630 4408 768 4530 ipsum
787 4413 1040 4508 Laurentius
1061 4415 1259 4535 diligeret
1283 4423 1373 4506 non
1391 4407 1510 4502 secus
1536 4437 1593 4498 ac
1622 4401 1676 4496 fi-
