4474 5858
440 635 448 660 .
563 565 1034 660 ΜΑοΝιΜει
1096 563 1309 655 Vtra
1477 597 1562 680 209

276 805 359 896 qut
379 777 531 898 perse
551 807 661 902 perte
691 789 821 893 etiam,
834 787 1009 906 sbrtlida
1039 784 1264 900 mira'sterc'a
1295 785 1443 896 obivit,
1467 787 1627 904 vigilia·

279 953 373 1012 rum
401 921 716 1048 patieutiffimus
746 929 804 1035 lm
848 931 1036 1039 laelios,
1073 957 1370 1048 nunquamque
1412 959 1440 1018 a
1481 929 1627 1016 lectulo

278 1065 361 1185 moso
382 1073 548 1184 patris,
577 1069 657 1186 uisi
682 1104 770 1164 cum
800 1078 979 1166 maxime
1010 1073 1245 1192 Respublica
1276 1093 1476 1192 urgeret,
1502 1067 1632 1158 avelli

267 1205 432 1328 paffios.
463 1217 518 1304 Es
548 1245 637 1306 cum
670 1219 842 1334 mirifica
863 1223 1002 1338 pietas
1033 1241 1201 1334 extaret
1232 1219 1276 1306 iu
1310 1220 1458 1323 vultu,
1488 1233 1629 1302 tamem

279 1383 333 1442 ue
363 1355 567 1468 morbum,
587 1385 662 1458 aut
672 1363 974 1480 solicitudinem
997 1383 1221 1480 paterarum
1251 1385 1427 1450 moerore
1447 1353 1524 1474 suo
1547 1348 1624 1442 ad·

279 1524 481 1616 uergeret,
521 1507 700 1621 gemitus
730 1533 865 1594 omues
896 1502 952 1607 (γ’
983 1509 1174 1598 lacrimas
1204 1500 1436 1595 incredibili
1467 1501 1628 1589 virtute

278 1639 400 1759 quas
436 1643 686 1740 devorabat.
717 1653 846 1744 Porro
876 1672 1016 1740 autem
1045 1647 1157 1767 quod
1184 1675 1311 1740 uuam
1340 1647 1402 1734 cri
1435 1637 1557 1764 iffima
1585 1643 1631 1729 iu

279 1810 327 1870 re
362 1787 688 1902 pulcherrimum
726 1822 800 1884 ceu
830 1790 1105 1911 spectaculum
1147 1790 1416 1896 videbamus,
1453 1791 1626 1876 iuot'cem
1704 1831 1707 1840 ·

269 1945 401 2042 puter
428 1959 586 2048 quoque
615 1931 721 2048 ipse,
740 1963 792 2024 ut
820 1934 1040 2048 tristiorem
1064 1940 1202 2056 filium
1225 1932 1394 2048 tristitia
1414 1929 1498 2048 fita
1530 1921 1626 2016 red·

277 2067 428 2178 deret,
453 2073 639 2189 frontem
655 2071 736 2188 fili
766 2106 821 2165 ex
850 2099 1030 2196 tempore
1060 2051 1333 2172 volutabam
1355 2069 1562 2192 sugebat,
1580 2093 1629 2158 cc
1675 2161 1681 2174 .

268 2209 458 2333 fluctues
497 2221 624 2308 otulo's
661 2220 710 2310 iu
752 2222 867 2312 illius
905 2225 1090 2340 gratiam
1131 2216 1381 2326 cmtiucbat,
1414 2237 1627 2333 uuuquam

277 2377 357 2444 aut
385 2353 659 2469 corsslcruatus
695 2365 826 2454 artium
856 2387 931 2454 aut
953 2361 1145 2480 frablus,
1177 2361 1297 2452 domes
1321 2383 1421 2451 ,aute
1452 2384 1525 2448 ora
1557 2380 1630 2444 ua-

278 2515 349 2584 tus
392 2491 707 2600 obverbcretur.
739 2511 808 2599 Ita
849 2530 1028 2626 uterque
1059 2505 1249 2596 certatim
1280 2504 1364 2590 vim
1383 2500 1533 2621 sacme
1563 2491 1630 2613 ts·

268 2631 446 2754 sellcbm
466 2643 587 2756 fitis,
618 2677 666 2738 ac
697 2644 940 2768 diffimulare
961 2653 1162 2766 pietatem
1189 2647 1365 2764 pietatis
1397 2637 1537 2756 strrdio
1569 2640 1633 2728 ui·

278 2779 472 2872 tebatur.
503 2785 558 2872 Ut
588 2811 727 2880 autem
756 2795 1008 2882 Laurentius
1039 2821 1063 2878 e
1092 2794 1184 2878 vita
1215 2780 1371 2901 deteffit
1390 2777 1410 2889 ,'
1437 2781 1516 2870 dici
1547 2781 1629 2866 via

271 2923 403 3038 potest
441 2947 599 3040 quauta
631 2927 687 3028 lm
717 2931 972 3022 buomuitate
1004 2925 1061 3030 dr
1084 2928 1299 3048 gravitate
1339 2928 1452 3014 cives
1493 2950 1629 3013 omues

271 3061 370 3179 ficos
400 3073 574 3158 Petrus.
598 3067 729 3179 umber
770 3070 830 3161 ad
847 3065 896 3186 se
927 3071 1085 3162 donarem
1113 3069 1363 3190 cocrflueutes
1393 3063 1627 3180 exceperit,

277 3202 406 3324 auam
438 3213 494 3310 cs
522 3205 691 3326 opposta
723 3209 779 3318 &⁴
806 3215 928 3300 varie
960 3209 1016 3312 lu
1046 3212 1196 3302 blaule
1238 3213 1363 3302 etiam
1404 3201 1630 3297 dolentibus

279 3345 644 3473 consulentibusque
665 3373 744 3472 pro
776 3377 974 3470 tempore,
989 3351 1195 3472 ficumque
1219 3375 1380 3472 operum
1402 3343 1630 3469 polluenti-

282 3487 356 3580 bus
388 3492 665 3609 resomderit3
697 3521 898 3612 qocaottam
929 3494 1079 3586 deiude
1110 3494 1167 3600 ἐν
1201 3495 1326 3615 quam
1347 3493 1541 3612 solertem
1572 3472 1637 3578 rei

279 3631 577 3745 constituendae
609 3637 819 3754 sauciliari
863 3665 1005 3728 carram
1036 3639 1316 3754 immensioris,
1349 3661 1397 3726 ut
1429 3628 1631 3754 ueceffltu·
1776 3691 1779 3702 ι

284 3771 401 3860 diues
424 3775 529 3888 ficas
550 3793 692 3872 'amotos
721 3777 950 3900 grabifflma
990 3777 1084 3896 casu
1120 3775 1335 3894 perculsas
1368 3773 1632 3894 stillaverit,

285 3937 334 4004 ut
364 3919 439 4004 vel
467 3915 763 4033 miuutifflmum
792 3949 994 4039 quemque
1025 3953 1079 4010 ex
1101 3921 1387 4039 frtmiliuribus
1411 3916 1632 4025 dejecimus,

285 4058 617 4174 diffidentemque
633 4057 713 4171 sthi
735 4059 939 4174 adversis
980 4063 1101 4152 rebus
1143 4067 1372 4178 collegerit,
1405 4055 1631 4155 erexerit,

285 4200 578 4304 orciuooerit,
593 4223 639 4284 ut
683 4205 728 4292 im
769 4201 951 4293 obeundo
981 4230 1139 4314 quoque
1172 4198 1389 4314 Republica
1416 4197 1521 4282 tsrtllt'
1556 4222 1631 4281 stot-

286 4367 411 4456 quum
452 4359 526 4424 aut
569 4339 674 4442 loco,
707 4359 781 4425 aut
811 4339 1012 4453 tempori,
1043 4361 1118 4428 aut
1149 4343 1343 4446 mrcatori,
1374 4360 1449 4426 aut
1482 4333 1631 4424 homiui

289 4475 497 4600 descierit,
520 4477 637 4578 mulla
668 4473 844 4596 leuique
873 4480 918 4568 iu
950 4495 1076 4600 parte
1106 4481 1338 4600 cessaverit.
1372 4483 1437 4572 Sic
1467 4501 1633 4568 uttam
