4492 5860
643 481 754 596 aa
831 468 1166 568 Lauerna
1197 499 1318 568 τι]
1377 477 1740 578 Mentora-

593 692 699 794 dum
729 693 923 810 putavit,
949 720 1000 786 ut
1028 722 1206 788 omnem
1236 701 1505 817 optimarum
1527 699 1696 795 retum
1714 701 1933 822 cognitio·

592 871 718 946 uem,
750 863 875 955 atque
906 843 952 930 in
981 841 1033 932 iis
1062 847 1437 954 exercitationem,
1467 875 1574 964 quae
1615 841 1935 972 verophiloso·

592 985 692 1104 phia
723 987 996 1092 nominatur,
1027 1017 1118 1076 non
1149 985 1282 1077 modo
1311 992 1358 1080 in
1389 987 1456 1096 se,
1487 987 1718 1082 sedetiam
1746 991 1794 1080 in
1835 989 1931 1080 aliis
2010 1000 2019 1010 '

591 1125 1036 1248 proveheret‚'Effecit
1053 1131 1195 1248 itaque
1225 1158 1276 1224 ut
1305 1129 1402 1224 elle't
1426 1131 1528 1224 Pifir
1557 1133 1765 1254 quaedam
1793 1131 1931 1224 offici·

591 1303 646 1365 na
676 1269 927 1392 sapientiae,
958 1269 1145 1368 restituta
1164 1274 1447 1370 ¹nobilissimae
1479 1283 1647 1372 civitati
1672 1277 1931 1395 Academia,

459 1439 462 1446 ’
584 1445 696 1534 quae
740 1417 846 1516 adeo
889 1415 1086 1536 filuerat,
1128 1421 1202 1512 vix
1236 1448 1286 1514 ut
1329 1419 1408 1513 elle
1446 1423 1630 1542 amplius
1673 1421 1929 1540 videretur.

589 1559 677 1680 lpsa
708 1560 881 1680 quidem
910 1587 1107 1682 coeperat
1138 1561 1289 1656 florere
1328 1563 1420 1685 poll
1449 1597 1611 1658 annum
1643 1592 1928 1658 mcccxxrvm.

586 1705 897 1826 discipulorum
932 1714 974 1798 δι
1019 1734 1343 1840 praeceptorum
1392 1712 1643 1801 nobilitate.
1686 1709 1769 1800 Sed
1820 1695 1929 1824 quac

587 1854 756 1948 civitati
776 1850 916 1971 ppstea
944 1851 1190 1948 inciderunt
1218 1881 1412 1972 tempora
1440 1847 1811 1959 calamitosissima,
1829 1876 1931 1940 cum

586 1999 776 2116 pernicie
800 1995 937 2116 ,ipsius
967 1987 1231 2091 Academiae
1273 1997 1448 2091 fuerunt
1488 1997 1735 2112 conjuncla.
1768 1991 1926 2101 Bella,

585 2144 743 2234 ciuiles
784 2141 1041 2254 discordiae,
1081 2175 1274 2238 annonae
1313 2147 1487 2250 caritas,
1536 2137 1801 2260 pestilentia,
1843 2165 1921 2254 po·

587 2285 827 2394 'tentiorum
858 2285 1103 2404 tyrannides
1133 2292 1174 2375 &
1216 2288 1303 2376 alia.
1339 2282 1583 2398 hujusmodi
1624 2283 1735 2374 mala
1779 2287 1923 2397 perpe·

586 2454 680 2524 tuo·
697 2427 774 2556 fibi
807 2424 1077 2524 succedentia
1106 2461 1197 2520 non
1228 2428 1381 2524 solum.
1400 2455 1563 2521 exteros
1605 2429 1657 2544 ab
1684 2424 1925 2544 Academia

586 2583 861 2682 averterunt,
892 2568 964 2664 sed
1004 2599 1239 2694 coegerunt
1279 2571 1451 2666 Pisanos
1477 2569 1604 2692 ‘ipsos
1649 2595 1721 2662 aut
1751 2596 1928 2662 omnem

586 2717 899 2838 cogitationem
940 2717 993 2810 de
1028 2721 1180 2812 litteris
1200 2716 1474 2810 'addiscendis
1505 2717 1747 2834 deponere,
1781 2737 1856 2804 aut
1884 2741 1927 2800 a·¹

587 2863 650 2955 lio
681 2863 941 2974 concedere,
964 2861 995 2952 st
1020 2893 1127 2982 quos
1158 2862 1296 2970 sorte,
1316 2868 1392 2982 qui
1415 2865 1496 2962 rari
1530 2859 1689 2980 semper
1724 2859 1927 2961 extitere,

586 3001 789 3125 tangebar
821 3037 924 3099 cura
952 3009 1115 3126 aliquid
1151 3011 1198 3098 in
1220 3008 1423 3098 doctrinis
1457 3001 1738 3122 proficiendi.
1769 2993 1928 3088 Postre,

586 3179 676 3242 mo.
694 3183 746 3242 er
780 3155 941 3244 aerario
973 3153 1097 3270 inopi
1134 3159 1176 3243 δι
1221 3181 1328 3270 pene
1365 3145 1564 3240 exhausto
1597 3171 1715 3236 tanta
1754 3141 1928 3232 Florem
1972 3215 1977 3221 .

584 3295 692 3387 tinia
734 3295 787 3383 ad
821 3297 1115 3390 redimendam
1150 3327 1328 3416 pacem,
1369 3303 1410 3384 &
1442 3291 1741 3410 Neapolitanis
1783 3282 1928 3376 foede,
2050 3383 2054 3400 Ι

585 3441 643 3527 ris
693 3435 830 3526 caussa
875 3435 1081 3552 solvenda
1121 3438 1208 3531 fuit
1252 3441 1466 3558 pecunia,
1492 3461 1558 3552 „ut
1598 3461 1702 3520 cum
1742 3426 1928 3542 amplius

586 3577 696 3668 nihil
731 3579 903 3669 haberer
937 3579 1218 3700 Respublica,
1258 3581 1377 3702 quod
1407 3599 1677 3695 conrogato,
1708 3569 1929 3658 decretum

585 3717 733 3811 fecerit
754 3749 809 3810 vt.
829 3723 885 3814 id.
910 3723 1019 3814 Maii
1048 3755 1113 3818 an.
1133 3753 1320 3834 Mcoecrr.
1340 3751 1392 3813 ne
1414 3719 1554 3837 Pss‘lns
1592 3719 1702 3807 cives
1733 3707 1843 3803 elesii
1872 3701 1932 3798 ad

585 3862 789 3958 deciorum
819 3865 944 3982 sedes
993 3868 1251 3988 deputandas
1295 3872 1426 3961 ullum
1471 3869 1544 3956 nel
1578 3857 1816 3961 Ductorem,
1859 3845 1935 3938 ves

584 4008 861 4098 licentiarum
891 4013 1111 4132 eligerent,
1137 4013 1216 4132 'qui
1254 4017 1328 4106 vel
1353 4015 1607 4113 Decretum,
1629 4003 1702 4092 ael
1728 4001 1937 4090 Decreta.

584 4154 669 4262 les,
699 4161 778 4246 uel.
799 4135 993 4263 Sextum,
1024 4163 1096 4248 vel
1126 4157 1423 4264 clementinas,
1457 4159 1531 4244 vel
1559 4143 1826 4264 lnfhrtiarum
1854 4161 1927 4226 ex·

577 4311 750 4406 poneret
766 4368 775 4386 .
794 4295 893 4388 Post
919 4301 1024 4392 hacc
1056 4303 1171 4406 varia
1201 4295 1288 4404 sors
1312 4294 1398 4386 fuit
1427 4291 1721 4394 Academiae,
1743 4279 1814 4372 sed
1838 4303 1928 4368 nou

587 4435 647 4530 ita
690 4433 922 4556 prospera,
955 4469 1008 4536 ut
1025 4441 1286 4535 cimicibus
1315 4437 1670 4540 florentinorum
1698 4423 1825 4656 aprtfiis
1865 4445 1929 4510 re*

1733 4567 1867 4662 fiere
