4492 5860
197 471 243 488 '⁶
433 451 1356 607 '‘„„Mren1rr,crv.1u
1539 503 1594 590 4¹3

307 699 441 810 sent,
487 703 528 792 δι
569 724 749 800 mansam
790 663 910 791 mille
952 707 996 792 ir
1035 699 1219 822 amplius
1262 703 1529 792 nrmnsomm
1570 697 1659 788 eol·
1795 743 1797 750 1

316 847 459 968 sigum
502 862 558 937 e'x
601 842 762 968 agresti,
797 847 996 954 luxuria,
1044 875 1097 934 ex
1143 839 1308 934 rusticis
1359 840 1658 952 mediastinis,

130 984 138 994 ’
307 1017 365 1084 es
391 989 557 1081 civibus
584 987 829 1106 desperatis.
861 989 1010 1080 Multo
1039 989 1199 1106 majora
1231 1013 1531 1108 compararunt
1560 988 1657 1078 Flo·

311 1137 508 1252 furnus,
536 1142 579 1225 δι
610 1164 664 1224 ne
694 1129 879 1224 deessent
909 1137 1109 1246 nummi,
1139 1138 1214 1252 qui
1253 1133 1356 1230 sunt
1382 1135 1485 1232 belli
1514 1134 1658 1238 nervi,

312 1281 482 1372 rudore
519 1279 754 1376 Laurentio
796 1282 848 1368 ex
889 1279 1062 1396 publica
1099 1279 1285 1396 quadam
1327 1275 1472 1372 mursa
1503 1278 1658 1392 (Aba

309 1447 398 1515 rena
412 1421 692 1542 dicebant)
744 1457 780 1516 c.
826 1421 1089 1514 florenorum
1127 1423 1265 1514 millia
1310 1453 1486 1543 coegcm
1531 1421 1657 1538 (33).

314 1567 362 1656 si
389 1533 696 1658 lllrrclriauellio
724 1570 820 1686 quis
854 1567 1002 1661 uteda't
1036 1569 1290 1686 quandoque
1321 1597 1467 1660 rerum
1503 1591 1658 1656 nume

312 1735 411 1802 rum
428 1713 630 1830 augensi,
653 1709 707 1802 nd
729 1709 955 1802 decenis
900 1733 930 1804 ιι
948 1743 1030 1831 que
1052 1712 1188 1803 millia
1212 1710 1407 1831 peditum
1435 1717 1476 1802 dr
1495 1707 1659 1800 adduc

307 1858 452 1944 millia
490 1859 691 1971 equitum
732 1853 976 2020 conscripta
1006 1858 1154 1950 suere:
1185 1853 1257 1948 sed
1296 1883 1378 1946 nos
1422 1852 1538 1970 sequi
1567 1878 1657 1939 ma·

311 1998 460 2086 scamus
491 1999 790 2090 Ammiratum
827 2029 917 2090 non
947 2000 1163 2092 incertum
1211 2027 1356 2090 rernm
1394 1995 1658 2086 Florentinu-

315 2137 725 2259 conscriptorem,
762 2144 838 2258 qui
879 2143 1013 2263 duplo
1044 2143 1130 2234 fere
1159 2143 1289 2234 illum
1320 2169 1549 2232 nummum
1577 2137 1659 2224 mi·

305 2287 452 2376 nuit.
497 2283 644 2400 Hujus
696 2288 904 2376 exercitus
952 2289 1185 2405 imperium
1236 2286 1390 2378 dedere
1438 2281 1660 2374 Friderico

314 2421 597 2517 Urbinatium
642 2429 858 2550 ffincipi,
895 2431 969 2548 qui
1018 2429 1166 2545 primis
1198 2425 1521 2521 excursionibus
1563 2427 1660 2517 uni·

313 2566 433 2660 verso
462 2572 848 2664 Volaterranorum
871 2599 997 2691 agro,
1021 2573 1192 2664 nemine
1221 2569 1464 2683 obfislente,
1495 2575 1661 2691 potitus

186 2783 192 2800 .
314 2710 396 2806 est.
433 2709 530 2804 Post
576 2711 623 2802 id
672 2715 864 2826 adoritur
906 2718 1083 2826 nrbe'm,
1128 2746 1264 2834 quae,
1298 2717 1419 2836 quod
1460 2716 1579 2808 edito
1619 2719 1660 2804 dc

303 2883 540 2976 ,praerupto
576 2860 679 2950 loco
708 2857 785 2950 fita
810 2859 889 2972 ιιι,
924 2860 976 2950 ab
1000 2891 1052 2954 ea
1080 2862 1387 2954 tantummodo
1422 2884 1571 2979 parte,
1613 2855 1662 2944 in

312 3027 397 3116 qua
439 3003 480 3092 S.
511 3001 748 3094 Alexandri
794 2999 895 3094 sunt
933 3003 1083 3122 aedes,
1125 3009 1364 3126 oppugnari
1399 2999 1513 3122 posse
1541 2997 1660 3087 vide·
1700 3001 1702 3006 ’

238 3264 240 3272 ¹
295 3141 468 3233 batur.
512 3145 571 3232 ln
613 3147 723 3235 hanc
765 3147 919 3262 igitur.
950 3173 1114 3264 partem
1165 3153 1381 3266 impetum
1421 3141 1660 3234 Florentini

315 3279 520 3394 faciunt,
566 3289 721 3404 quibus
757 3316 860 3377 cnm
900 3289 1078 3405 impares
1127 3295 1168 3380 &
1203 3318 1384 3380 numero
1425 3293 1467 3376 δι
1507 3311 1660 3406 genere

314 3431 512 3542 militum
543 3426 584 3520 se
612 3427 694 3520 esse
723 3457 946 3521 cernerent
973 3425 1137 3550 hostes,
1160 3433 1385 3524 moenibus
1416 3459 1507 3520 non
1538 3455 1658 3518 exce·

317 3567 503 3664 debant.
544 3569 627 3662 Sed
676 3574 796 3664 brevi
844 3576 1046 3666 omnium
1096 3580 1265 3668 animos
1291 3573 1550 3694 ‘desperatio
1587 3595 1660 3658 oc·

317 3719 525 3834 cupavit.
565 3717 710 3833 ltaque
747 3715 856 3806 missi
895 3719 1024 3838 legati
1060 3719 1113 3810 de
1146 3721 1399 3830 deditione,¹
1430 3720 1506 3838 qui
1550 3713 1660 3829 jnra-

317 3882 415 3948 rent
440 3888 530 3948 non
559 3855 821 3950 recusaturos
843 3863 1175 3972 Volaterranos,
1193 3867 1424 3982 quominus
1454 3883 1661 3979 perpetuo

312 3995 392 4089 snb
433 3997 705 4092 Florentinae
758 4003 1041 4124 Reipublicae
1090 4005 1258 4097 ditione
1306 4033 1431 4124 atque
1479 4003 1661 4120 imperio

315 4139 477 4254 essent,
516 4145 625 4234 dum
672 4173 732 4233 ne
773 4145 1033 4242 calamitates
1073 4155 1289 4244 v'isiorum
1329 4149 1538 4240 subirent.
1571 4139 1659 4230 Mi-

317 4287 436 4375 nime
493 4283 652 4404 respuit
700 4287 1000 4382 conditionem
1052 4291 1294 4384 Friderieus
1310 4355 1346 4402 ,.
1371 4285 1537 4406 suisque
1589 4310 1659 4374 ur·

166 4451 172 4456 ·
315 4419 420 4518 bem
459 4429 796 4548 ingredientibus
834 4434 1100 4552 imperavit,
1150 4455 1202 4525 ut
1239 4433 1295 4525 ab
1334 4433 1458 4528 omni
1496 4423 1659 4554 malefi-
1714 4451 1716 4456 ·

1084 4572 1177 4664 F2
