4474 5858
575 483 1045 574 Mnnnlsr'cr
1106 481 1320 569 Vra-a
1424 479 1430 488 “
1521 485 1604 589 189

326 692 616 794 Fetdinandus
648 703 767 810 Rex,
792 699 823 789 fi
853 705 955 790 c‘um
974 699 1206 789 Laurentio
1232 705 1271 788 ia
1301 695 1562 785 Florentinis
1579 687 1665 784 uu-

326 837 402 930 dio
429 849 469 932 δι
504 845 694 938 amicitia
719 839 972 955 conjunctus
1002 837 1128 950 esset,
1159 848 1200 934 δι
1234 866 1441 959 quantum
1470 837 1664 926 Lauren·

326 988 391 1080 tio
429 984 504 1103 ipsa
539 983 841 1078 elaborandum
873 981 1029 1091 fuerit,
1060 1011 1112 1076 ut
1144 985 1314 1074 nullum
1345 1010 1441 1074 tum
1485 980 1667 1072 interce·

194 1127 196 1132 ’
326 1126 444 1218 deret
472 1127 668 1237 bellum,
698 1132 810 1219 inter
839 1155 947 1246 quos
978 1128 1162 1216 maxima
1197 1125 1412 1242 potentiae
1456 1121 1556 1214 ellet
1602 1151 1667 1211 ae·

311 1271 538 1364 mulatio.
563 1266 660 1380 Qua
690 1271 737 1358 in
778 1299 823 1360 re
864 1299 952 1360 non
997 1264 1135 1356 solum
1179 1269 1482 1388 tranquillitati
1517 1262 1669 1356 servie-

327 1411 424 1520 bat,
454 1409 526 1502 l'ed
570 1413 701 1502 etiam
740 1409 941 1530 dignitati
972 1413 1260 1528 utilitatique,
1291 1441 1394 1500 tum
1438 1403 1522 1528 ipse
1551 1401 1666 1496 solus

327 1579 470 1646 rerum
511 1551 782 1671 publicarum
826 1551 1041 1646 lottunam
1083 1553 1293 1642 moderati
1337 1551 1585 1658 videretur,
1627 1551 1670 1637 &

327 1691 516 1790 familiae
546 1697 780 1787 commoda
810 1721 1006 1818 augeret.
1036 1693 1168 1809 Quod
1207 1695 1480 1786 vehementer
1521 1689 1670 1808 cupie-

327 1839 426 1946 bat,
457 1865 508 1929 ut
539 1837 723 1948 Joannes
752 1835 870 1928 filius
901 1837 1135 1929 honoribus
1177 1831 1436 1956 ampliffimis
1469 1831 1671 1932 ¹fortunis·

326 2007 411 2096 que
453 1981 648 2072 maximis
692 1975 928 2086 frueretur,
975 1981 1168 2072 obtinuit
1207 2011 1231 2070 a
1274 1971 1668 2070 Mediolanenlium

329 2121 457 2214 Duce
487 2130 525 2212 lie
558 2119 947 2242 Neapolitanorum
980 2125 1099 2240 Rege
1130 2151 1183 2212 eo
1214 2147 1439 2242 tempore,
1470 2149 1557 2238 quo
1598 2143 1672 2205 eo·

330 2293 428 2354 rum
462 2263 613 2382 singuli
656 2268 828 2358 occulte
870 2265 1060 2356 invicem
1091 2261 1261 2352 inimici
1291 2265 1512 2354 materiem
1540 2255 1670 2376 suspi·

330 2407 528 2498 'tionibus
559 2408 810 2524 quaerebant
853 2409 985 2523 (nam
1028 2407 1306 2498 Laurentium
1350 2431 1558 2498 nontam
1593 2395 1671 2490 srbi

329 2548 562 2640 conciliare
591 2551 813 2658 volebant,
836 2580 968 2668 quam
994 2577 1017 2636 a
1048 2550 1199 2640 ceteris
1227 2551 1428 2642 omnibus
1459 2543 1692 2656 alienatel'

329 2713 381 2777 ut
411 2689 447 2780 is
476 2689 715 2804 ditissimis,
741 2723 848 2810 quae
879 2693 925 2780 in
956 2717 1107 2780 eorum
1138 2713 1257 2784 erant
1286 2687 1475 2794 ditione,
1495 2715 1668 2804 augete·

326 2849 400 2917 tur
427 2827 695 2939 sacerdotiis,
724 2861 910 2948 quorum
941 2831 1120 2918 alterum
1153 2827 1450 2934 Miramundi,
1490 2830 1671 2916 alterum

330 2965 498 3058 Montis
516 2967 673 3058 Caffini
699 2971 882 3059 Abbatia
913 2969 1176 3088 appellantur
1203 2967 1350 3081 (207).
1379 2967 1546 3059 Eodem
1565 2993 1672 3056 tem·

328 3125 432 3230 po're
450 3111 496 3202 in
526 3109 605 3199 hac
628 3105 791 3202 summa
815 3113 947 3228 gratia
976 3141 1024 3198 ac
1056 3115 1248 3228 potentia
1278 3113 1522 3230 impetravit
1552 3108 1671 3218 Julio

330 3251 472 3342 fratris
514 3247 606 3342 filio
637 3249 839 3370 Capuae,
870 3280 922 3344 ut
959 3279 1147 3360 vocant,
1181 3255 1446 3362 Prioratum,
1478 3253 1553 3368 qui
1583 3272 1674 3342 etat

331 3399 528 3512 proprius
552 3393 882 3486 Rhodianorum
913 3399 1133 3512 equitum,
1164 3391 1345 3511 opesque
1376 3419 1502 3512 atque
1533 3389 1672 3480 hono·

329 3563 400 3626 res-
423 3537 516 3626 aliis
545 3561 619 3627 aut
649 3533 876 3655 sanguine,
913 3563 988 3625 aut
1022 3537 1243 3644 amicitia,
1269 3562 1343 3628 aut
1384 3535 1575 3626 civitatis
1612 3531 1676 3646 ju·

331 3701 379 3768 re
413 3675 538 3791 (208)
569 3679 807 3788 conjuntlis
837 3677 1115 3768 conciliavit.
1152 3674 1283 3772 Nihil
1315 3709 1417 3769 vero
1453 3703 1562 3768 tam·
1585 3677 1676 3794 glo·

330 3817 491 3910 siolum
535 3845 624 3908 erat
657 3819 911 3927 Laurentia,
949 3850 1077 3936 quam
1119 3818 1226 3908 dum
1269 3817 1443 3912 suorum
1499 3815 1678 3910 utilitati

333 3959 606 4066 consulebat,
639 3961 875 4064 multorum
902 3989 1074 4074 quoque
1103 3959 1304 4052 deiideria
1331 3961 1370 4052 se
1386 3962 1498 4079 polle
1537 3957 1675 4070 exple·

330 4132 399 4194 re.
446 4100 663 4190 Postulant
702 4103 837 4190 abeo
868 4103 1112 4191 Pannoniae
1147 4107 1240 4192 Res
1281 4130 1331 4189 ut
1359 4097 1483 4202 filio,
1521 4096 1675 4184 Sabau·

334 4241 430 4334 diae
458 4245 561 4332 Dux
590 4265 641 4330 ut
672 4259 849 4359 patrue,
881 4241 1119 4330 Venetiae
1152 4239 1402 4328 Ludovicus
1434 4233 1592 4326 Ssortia
1622 4259 1675 4326 ut-

333 4377 672 4474 Mantuanorum
697 4377 915 4497 Episcopo
950 4378 1188 4497 dibaphum
1219 4411 1243 4474 a
1285 4373 1497 4472 Pontifice
1538 4377 1673 4496 impe·
