4492 5860
662 517 721 608 66
839 507 1327 632 L‘rrr'rirrrrrr
1386 501 1751 604 Mru'rore
1883 549 1887 588 e

603 724 829 818 foedatum
874 723 1077 847 sanguine
1118 735 1157 818 dc
1199 726 1447 818 uulneribus
1486 727 1720 836 incideret,
1758 722 1815 818 de
1848 733 1948 844 ‘quo

603 881 708 961 'cum
737 871 1012 962 continenter
1043 865 1347 979 sciscitaretur,
1386 901 1493 960 num
1535 869 1676 962 salius
1723 865 1853 979 effer,
1894 895 1947 958 ex

604 1011 696 1132 ipso
743 1016 988 1106 amicorum
1037 1012 1232 1122 filentio,
1279 1015 1398 1130 quod
1438 1042 1642 1104 evenerat
1653 1045 1671 1123 ·‚
1703 1012 1944 1104 divinavit.

601 1159 842 1266 Salviatus,
860 1159 937 1274 qui
967 1155 1022 1246 ad
1052 1156 1240 1246 Curiam·
1262 1189 1365 1253 cum
1396 1159 1644 1249 hominibus
1671 1157 1845 1246 ermetis
1874 1183 1947 1244 ve·

515 1324 519 1336 ‘
602 1327 754 1408 uerat,
795 1303 911 1394 inter
953 1329 1061 1417 quor
1087 1299 1289 1392 Perusini
1326 1301 1504 1419 quidam
1548 1326 1668 1390 emm
1701 1300 1836 1417 patria
1874 1325 1947 1388 errb

604 1441 735 1563 pulfi,
758 1445 939 1560 quibus,
969 1475 1073 1536 cum
1103 1447 1215 1538 mala
1244 1444 1412 1536 abunde
1442 1443 1590 1534 omniu
1622 1424 1783 1550 effentf
1810 1466 1949 1556 neque

604 1615 700 1696 res,
742 1583 881 1706 neque
920 1584 1011 1706 spes
1057 1588 1170 1678 bona
1208 1589 1327 1697 ulla,
1371 1615 1629 1708 magnopere
1669 1579 1917 1676 confidebat
1926 1623 1949 1693 ·,

605 1734 780 1824 nuntiat
807 1729 1066 1824 Vexillifero
1096 1730 1287 1842 justitiae
1316 1728 1388 1843 (ir
1420 1757 1519 1822 rum
1561 1737 1652 1820 erut
1678 1725 1833 1820 Caesar
1871 1729 1950 1818 Pe·
2070 1771 2074 1780 ·

605 1878 822 1984 trucetas,
852 1875 908 1966 de
935 1907 1026 1994 quo
1054 1874 1177 1995 supra
1205 1879 1475 1966 mentionem
1504 1874 1719 1984 fecimus‚·
1739 1877 1809 1964 vir
1835 1869 1951 1962 L'au·

605 2025 745 2114 reneio
785 2018 1091 2127 amicissimus,
1130 2049 1262 2136 quem
1303 2051 1354 2110 ex
1394 2019 1553 2110 humili
1587 2019 1692 2112 loco
1736 2019 1791 2109 ad
1834 2014 1950 2108 sum·

507 2167 511 2175 ’
606 2196 723 2254 mam
753 2165 1010 2280 dignitatem
1051 2161 1303 2280 perduxerat
1327 2163 1352 2276 )“
1386 2166 1514 2254 velle
1537 2161 1581 2256 se
1621 2191 1727 2252 cum
1769 2191 1854 2282 eof,
1884 2165 1984 2268 r‘e·¹

607 2307 742 2394 motis
769 2304 967 2412 arbitris,
995 2303 1052 2393 de
1078 2305 1207 2394 rebus
1249 2299 1499 2421 graviffirnis
1535 2300 1764 2396 Pontificis
1806 2301 1951 2392 nomi·

609 2477 665 2536 ne
701 2446 895 2560 colloqui
914 2497 943 2535 .·
963 2447 1202 2538 Prandebat
1232 2446 1347 2539 forte
1382 2449 1634 2540 Perruceius
1667 2478 1771 2539 cum
1799 2439 1952 2537 Decu-

601 2589 806 2678 rionibus
831 2584 919 2676 suis
946 2587 1043 2705 (75)
1061 2653 1075 2698 ‚
1093 2615 1148 2680 ur
1173 2591 1308 2682 morit
1335 2619 1426 2683 erar
1463 2589 1572 2684 festo
1599 2591 1700 2690 die;
1731 2597 1775 2682 δι
1795 2591 1952 2707 quam}

608 2733 675 2820 vis
706 2733 932 2822 miraretur
959 2733 1264 2850 importunum
1293 2735 1487 2827 hominis
1522 2735 1788 2838 adrentum,
1832 2725 1953 2846 quod

609 2905 660 2964 ea
687 2875 794 2964 hora
823 2877 1008 2992 negotiis
1034 2875 1212 2995 agendis
1249 2879 1388 2970 'aliena
1427 2877 1598 2998 prorsus
1636 2883 1765 2994 atque
1805 2877 1954 2990 inepte

612 3019 861 3128 videretur,
892 3015 1031 3144 surgit
1057 3031 1259 3113 tamen³e
1287 3021 1463 3130 mensa,
1492 3029 1533 3112 &
1560 3007 1955 3138 Archiepiscoprim

607 3165 657 3253 in
686 3163 897 3256 con'cla're
924 3162 1127 3254 deducit.
1155 3162 1616 3284 Coepro'colloqu'io'e
1637 3195 1730 3254 non
1758 3161 1867 3254 adeo
1902 3155 1956 3246 ri-

609 3307 662 3397 bi·
684 3303 901 3404 constabat
930 3305 1321 3426 Archiepiscopus',
1360 3309 1470 3423 quin
1507 3309 1727 3427 perplexe
1753 3315 1798 3396 dr
1837 3301 1953 3394 maie

612 3451 885 3540 cohaerentia
930 3446 1059 3536 verba
1089 3447 1325 3566 proferrem
1359 3449 1448 3539 hnc
1477 3453 1585 3544 illuc
1614 3451 1819 3542 roireber'
1846 3472 1958 3536 ocu·

612 3595 711 3699 los,
739 3599 782 3680 dr
817 3589 953 3683 'vultu
988 3587 1083 3708 ipso
1114 3597 1204 3680 no'n
1232 3618 1329 3682 tam
1355 3585 1503 3716 migni
1539 3619 1721 3686 eventus
1765 3589 1959 3706 expetie-

598 3723 813 3842 Ιῑίοιιειηι
851 3763 985 3852 quam·
1022 3731 1251 3824 confilium
1269 3741 1273 3750 '
1294 3737 1570 3826 interimendi
1618 3731 1865 3828 vexilliferi
1895 3748 1971 3818 o·-

509 3959 512 3964 ss
612 3878 857 3978 tentabam
895 3905 1152 3996 quapropter
1192 3879 1471 3998 Petrucciue,
1499 3889 1558 3967 ut'
1592 3903 1683 3970 erat
1723 3877 1870 3966 animo
1911 3877 1954 3958 dr

611 4026 868 4118 dexteritate
893 4003 1087 4127 summa,
1114 4018 1228 4108 foras·
1258 4019 1299 4112 se
1330 4025 1535 4140 proripit,
1562 4024 1802 4140 Poggium,
1826 4040 1959 4134 quem

608 4167 658 4258 in
701 4161 881 4258 summis
920 4161 1047 4254 scalis
1083 4159 1287 4270 offendit,
1316 4169 1534 4284 'arreptum
1560 4165 1770 4252 crinibus
1809 4163 1857 4248 in
1891 4153 1960 4245 so-

612 4311 706 4398 ium
736 4310 965 4410 deturbar;
992 4307 1241 4428 sublataque
1273 4335 1408 4414 voce,
1422 4307 1688 4425 'apparitores
1713 4295 1960 4434 ceterosque

611 4449 771 4541 Curiae
811 4451 1079 4545 administros
1118 4453 1334 4546 advocet.
1374 4449 1476 4558 Hi,
1515 4479 1618 4540 eum
1661 4439 1960 4546 accurriiienr,
