4492 5860
563 475 1419 614 tMso.rrrr.tcr.Vrur‘.
1532 531 1587 625 65

321 739 707 866 gladio⁷armavit',
735 747 788 830 u't
815 739 906 830 vim
937 741 984 831 vi
1013 741 1255 860 repelleret.
1298 740 1493 830 Tantam
1525 737 1663 830 animi

320 880 603 976 constantiam
644 881 1030 1004 fortitudinemque
1071 913 1168 1004 prae
1199 881 1240 972 se
1270 883 1373 974 tulit
1390 887 1486 992 ,ut
1526 877 1663 972 sicarii

319 1027 554 1148 perturbati
593 1029 741 1121 animo
781 1029 1057 1149 aufugerint.
1099 1029 1387 1118 Luculentum
1430 1055 1574 1118 tamen
1617 1028 1663 1112 in

320 1171 512 1288 occipite
541 1171 713 1300 pingant
752 1175 942 1292 aceepit,
984 1174 1091 1264 dum
1133 1171 1175 1265 se
1218 1167 1258 1262 se‘
1293 1173 1489 1292 expedire
1536 1173 1663 1258 cona-

318 1337 393 1406 tur
410 1351 436 1421 ,⁴
459 1321 500 1404 dc
530 1315 795 1406 sumentur
835 1317 983 1406 etiam'
1010 1345 1125 1408 unus
1151 1345 1218 1440 er
1257 1316 1461 1424 duobus,
1506 1312 1663 1431 quibus

320 1460 547 1567 urebatur,
581 1456 874 1578 pedissequis,
911 1464 987 1576 qui
1039 1461 1086 1551 in'
1139 1461 1211 1549 eo‘
1242 1459 1406 1552 tuendo
1463 1483 1664 1574 magnam

319 1606 529 1696 virtutem
556 1599 873 1721 praestiterunt.
903 1600 1156 1696 Personabat
1186 1603 1299 1694 adeo
1334 1603 1546 1722 templum
1581 1595 1663 1688 sre-

320 1749 461 1855 mitu,
493 1747 681 1836 clamore
729 1754 770 1836 δι
807 1749 1061 1866 gemitibus,
1088 1747 1148 1842 'ut
1183 1776 1381 1838 corruere
1415 1744 1661 1841 videreturs

320 1892 397 2006 qui
441 1919 495 1978 eo
540 1912 829 1978 convenerant
868 1889 942 1978 alii
978 1893 1106 1981 aliam
1153 1895 1199 1984 in
1239 1917 1401 2011 partem
1449 1887 1664 2006 perterriti

319 2025 601 2129 serebantur;
639 2027 888 2120 cardinalis
940 2061 1064 2151 aegre
1117 2063 1140 2121 a
1185 2031 1514 2138 Sacerdotibus,
1551 2035 1661 2117 'cum

317 2173 374 2265 ad
423 2203 538 2262 aram
575 2171 863 2291 confugisset,
906 2175 950 2263 in
994 2201 1092 2265 turo
1132 2181 1309 2293 ponitur
1322 2209 1339 2274 ;
1379 2173 1662 2275 Laurentius,

319 2313 592 2408 hortantibus
637 2325 850 2434 opemque
890 2313 1122 2409 serentibus
1163 2320 1353 2436 amicis,
1392 2341 1572 2407 novum
1616 2315 1663 2401 in

318 2453 546 2550 sacrarium
577 2455 618 2549 se
647 2455 902 2580 se'recepit.
934 2462 1090 2551 Laetus
1114 2459 1350 2549 Bandinius
1381 2461 1559 2550 interitu
1584 2453 1609 2564 J
1642 2501 1659 2522 -

317 2599 422 2693 liani
463 2601 517 2692 ad
548 2601 829 2697 Laurentium
861 2604 1124 2724 contendit.¹
1151 2601 1358 2696 Retardat
1387 2631 1486 2692 eum
1518 2625 1663 2704 mors,

316 2771 447 2864 quam
478 2747 629 2838 intulit
658 2745 888 2843 Francisco
918 2745 1064 2838 Notio
1094 2745 1190 2862 (74)
1219 2749 1315 2836 viro
1348 2775 1527 2863 magnae
1556 2737 1660 2828 fidei

317 2917 369 2980 ac
410 2888 693 3006 prudentiae,
724 2919 853 3008 quem
894 2886 1137 3008 praesertim
1180 2891 1437 2981 adhibebant
1469 2884 1662 2976 Medicei

316 3029 371 3122 ad
402 3055 660 3122 mercaturas
689 3027 925 3121 faciendas.
958 3029 1050 3122 Ubi
1081 3061 1184 3127 vero
1213 3026 1559 3125 animadversum
1589 3053 1662 3142 pe·

317 3171 539 3279 siculum,
570 3173 687 3290 quod
717 3174 955 3263 Laurentio
989 3203 1014 3286 a
1055 3169 1270 3264 Bandinio
1303 3169 1586 3274 imminebat,
1615 3195 1659 3254 a·

220 3361 229 3378 .
317 3312 477 3404 heneae
520 3309 687 3404 sacrarii
729 3311 841 3405 fores
875 3313 1197 3404 occluduntur.
1232 3312 1331 3402 Hae
1361 3313 1481 3400 brevi
1510 3307 1660 3427 stipan-

317 3478 389 3546 tur
439 3454 642 3568 juvenum
690 3483 954 3548 armatorum
996 3485 1161 3562 manu,
1206 3457 1280 3572 qui
1319 3451 1363 3546 se
1404 3455 1569 3546 amicos
1618 3459 1659 3544 δι

317 3594 566 3688 necessarios
596 3593 675 3688 else
704 3599 946 3690 clamabant
964 3614 991 3696 ,·'
1012 3597 1121 3687 nihil
1152 3597 1206 3688 de
1237 3595 1471 3714 conjuratis
1502 3597 1660 3690 timone

315 3735 515 3846 dum,s1
552 3739 629 3848 iis,
670 3737 915 3857 priusquam
956 3747 1065 3833 uires
1106 3769 1334 3864 cogerent,
1375 3738 1660 3839 refisteretur·,·
1738 3815 1742 3822 .

316 3903 573 3996 quapropter
603 3911 845 4002 erumperet
886 3883 1026 3978 statim
1057 3884 1344 3994 Laurentius,
1375 3892 1415 3974 δι
1440 3879 1535 3973 suae
1554 3879 1661 3972 suo·

315 4031 498 4138 rumque
545 4017 670 4113 saluti
724 4023 1011 4143 dignitatique
1059 4026 1333 4120 consuleret.
1372 4025 1659 4142 Trepidatum

315 4159 496 4275 primo;
535 4191 638 4252 mox
682 4192 706 4253 e
748 4160 952 4282 superiori
995 4163 1171 4260 fenestra
1214 4171 1381 4290 cogniti
1422 4195 1525 4256 cum
1552 4157 1657 4251 'fuis-

315 4293 432 4404 sent,
473 4297 586 4392 sores
626 4305 904 4428 aperiuntur.
951 4307 1136 4401 Placuit.
1169 4317 1223 4404 iis
1277 4339 1351 4430 per
1399 4303 1666 4426 compendia.

314 4435 599 4535 Laurentium
640 4444 824 4540 domum
852 4447 1093 4563 deducere,
1128 4481 1183 4544 ne
1212 4453 1260 4545 in
1290 4450 1450 4565 Juliaui
1479 4451 1657 4544 cadaver
