4474 5858
678 495 759 594 ¹76
879 480 1365 578 L'nuaaurtr
1427 479 1789 577 Maorcrs

616 729 719 792 cum
758 703 898 792 libetis
930 706 974 790 in
1003 731 1143 794 arcem
1172 699 1212 791 le
1242 700 1282 792 se
1315 707 1503 820 recepit.
1535 705 1744 794 Subvenit
1773 699 1950 794 afflitiae

613 851 701 959 eius
733 845 859 938 frater
890 843 1110 934 Galeatius
1143 845 1279 935 Maria
1311 845 1693 938 blediolanenfium
1726 851 1854 956 Dux,
1887 847 1948 938 ef·

610 985 851 1108 fedumque
881 989 969 1105 ejus
999 994 1125 1081 armis
1155 989 1281 1102 (nam
1312 1019 1416 1107 quae
1458 1023 1482 1080 a
1521 989 1732 1080 Pontifice
1761 994 1948 1109 expede-

612 1136 791 1243 bantur,
823 1131 964 1226 socors
995 1134 1109 1223 illius
1152 1159 1300 1223 natura
1349 1136 1645 1252 negligensque
1675 1133 1939 1246 tardaverat)

613 1305 663 1368 ut
693 1275 951 1368 Oiiavianus
983 1283 1092 1397 patri
1118 1277 1379 1369 succederet.
1407 1279 1454 1364 ln
1473 1278 1553 1365 hac
1582 1273 1858 1368 conversione
1885 1303 1947 1364 re·

613 1443 711 1509 rum
742 1420 850 1510 nihil
881 1421 999 1511 aliud
1037 1422 1125 1537 egit
1157 1421 1437 1531 Laurentius,
1469 1420 1544 1512 nist
1576 1445 1628 1512 ut
1668 1419 1949 1538 Reipublicae

611 1565 881 1653 Florentinae
911 1563 1153 1654 redderetur
1185 1566 1409 1684 oppidum,
1446 1567 1564 1683 quod
1594 1565 1848 1656 Piancaldoli
1876 1587 1946 1676 ap·

615 1709 797 1825 pellatur
816 1705 961 1820 (186).
982 1708 1027 1794 ld
1051 1739 1113 1797 an.
1146 1737 1345 1798 mccccxn.
1370 1709 1416 1795 in
1447 1703 1693 1823 potestatem
1725 1704 1945 1824 Reipubli-

616 1880 689 1938 cae
718 1873 890 1944 venerat
920 1850 1165 1940 liberalitate
1197 1850 1411 1960 Joachimi
1441 1844 1948 1965 Ubaldinii,sedipsun1

612 1983 770 2108 saepius
799 1989 995 2083 amissum
1026 2025 1128 2084 cum
1159 1994 1251 2082 aliis
1280 1993 1434 2082 vicinis
1469 1995 1583 2112 pagis
1614 1994 1743 2082 armis
1774 2013 1947 2106 captum

613 2131 880 2252 Hieronymi
921 2135 1140 2243 Comitis,
1177 2167 1242 2226 an.
1286 2163 1555 2228 Mccccuxrtrx.
1594 2132 1669 2225 sub
1699 2134 1947 2249 -imperium

614 2275 907 2393 ditionemque
924 2279 1216 2368 Dominorum
1239 2279 1340 2368 Fori
1365 2276 1559 2368 Cornelii
1577 2277 1719 2366 Sixtus
1750 2270 1948 2364 Pontifex

614 2413 904 2529 subjunxerat.
929 2415 1023 2508 ¹His
1052 2421 1314 2537 temporibus
1344 2451 1433 2510 non
1468 2424 1611 2511 minus
1647 2419 1873 2509 crudeliter
1902 2444 1945 2503 a·

508 2663 513 2674 ,
614 2557 733 2646 diurn
773 2589 874 2680 cum
923 2559 1130 2653 Galeotto
1173 2561 1206 2648 F
1209 2565 1396 2652 aventiae
1437 2565 1673 2653 Domino.
1723 2557 1791 2649 Ut
1828 2581 1949 2646 erant

617 2699 852 2795 Manfredii
894 2703 1153 2794 Florentinis
1195 2701 1465 2813 amicissimi,
1507 2706 1756 2796 Laurentius
1793 2707 1949 2790 eorum

619 2853 892 2962 patronus&
923 2875 1071 2964 parens
1102 2846 1367 2948 habebatur;
1397 2873 1650 2965 quapropter
1693 2839 1967 2934 conciliavit·

616 2985 823 3079 Galeotto
853 2992 1021 3106 nuptias
1052 2987 1297 3088 Franciscae
1327 2987 1599 3096 Bentivolae,
1633 3015 1739 3103 quae
1770 2984 1946 3100 nuptiae

616 3133 830 3250 principio
860 3133 1006 3246 plenae
1037 3131 1282 3252 dignitatis,
1301 3133 1448 3251 plenae
1480 3127 1736 3222 concordiae
1753 3123 1954 3218 fuerunt.

617 3274 700 3364 Sed
729 3275 833 3364 haec
861 3277 1021 3367 laetitia
1038 3279 1183 3366 minus
1211 3274 1296 3366 fuit
1326 3273 1550 3364 diuturna.
1578 3269 1828 3360 Nemeum
1855 3261 1944 3354 Ga·

616 3417 775 3509 leottus
805 3419 1004 3539 coepisset
1033 3420 1112 3514 else
1141 3449 1260 3512 totus
1291 3420 1337 3508 in
1367 3442 1511 3506 amore
1541 3409 1682 3504 nescio
1715 3411 1835 3526 cujus
1855 3432 1950 3498 mu·

619 3557 850 3672 llerculae,
892 3557 1124 3654 Francisca¹
1157 3565 1370 3652 violatum
1413 3557 1687 3648 matrimonii.
1711 3551 1860 3644 foedus
1902 3577 1947 3638 a·

618 3701 708 3814 pud
739 3703 948 3808 Joannem
977 3731 1164 3823 patrem,
1195 3708 1382 3818 itemque
1401 3701 1511 3819 apud
1537 3700 1815 3788 Laurentium
1848 3701 1952 3808 qu'e-

619 3839 811 3932 rebatur.
843 3841 999 3960 Neque
1028 3841 1112 3932 hoe
1159 3843 1324 3952 modo,
1355 3841 1426 3937 led
1469 3843 1581 3933 illud
1614 3843 1743 3932 etiam
1785 3833 1951 3952 garrula

619 3983 767 4106 lingua
798 3987 892 4076 viro
922 3983 1039 4104 saepe
1080 3988 1380 4104 exprobrabat,
1416 3987 1533 4104 quod
1567 3983 1789 4076 hominio
1825 3977 1952 4064 Fran·

621 4126 786 4220 ciscana
819 4127 979 4222 familia
1014 4132 1091 4220 uni
1122 4129 1616 4246 tribueretplurimum,
1648 4123 1743 4214 sane
1781 4116 1968 4210 versuto·

623 4279 664 4361 dr
693 4274 876 4384 callido,
905 4276 981 4390 qui
1010 4271 1051 4366 se
1082 4261 1318 4394 intelligere
1349 4279 1388 4360 dc
1420 4269 1658 4389 praedicere
1687 4265 1831 4358 futura
1861 4263 1954 4378 glo·

624 4411 830 4519 rlabatur.
863 4415 986 4513 Dum
1016 4417 1089 4521 hic
1120 4420 1168 4514 in
1200 4418 1401 4519 interiore
1432 4410 1603 4508 aedium
1634 4432 1751 4534 parte
1791 4405 1955 4636 dqtiot·

1856 4567 1897 4638 at
