4492 5860
540 535 1345 644 aM·acrt,1rrcr.Vrna
1577 581 1599 662 3

308 760 451 862 riculo
484 781 647 879 ereptus
660 811 687 868 ‚·
705 756 859 874 injuria
888 775 1032 856 tamen
1064 761 1356 884 &iniquitate
1401 765 1656 860 adversario-

305 936 405 1000 rum
436 902 567 996 exilio
596 905 825 997 muletatus
851 900 934 1012 esi,
964 905 1080 1022 quod
1109 907 1162 998 ad
1192 909 1419 1002 levandam
1455 911 1662 1000 inuidiam

309 1045 587 1168 sedandisque
617 1049 698 1136 iras
728 1044 804 1138 srbi
828 1041 1025 1166 expedire
1043 1055 1235 1170 putavit.
1259 1055 1402 1172 ltaque
1429 1053 1658 1146 Patavium

306 1199 474 1316 primo,
506 1219 610 1282 mox
638 1187 841 1282 Venetiae
870 1220 975 1282 cunr
1003 1193 1235 1288 Laurentio
1257 1195 1385 1290 fratre
1425 1198 1566 1304 venit,
1589 1195 1663 1285 ubi

305 1345 366 1434 ita
412 1363 614 1456 exceptus
642 1332 760 1448 finit,
789 1359 842 1429 ut
884 1365 1014 1430 nemo
1043 1363 1134 1428 tam
1164 1338 1278 1432 ferus
1308 1340 1521 1448 extiterit,
1549 1341 1657 1457 quin

306 1483 397 1600 ejus
423 1475 569 1574 casum
597 1481 860 1594 lacrimarit,
906 1482 1219 1599 inimicumque
1249 1484 1301 1574 iis
1330 1478 1371 1572 sc
1399 1477 1659 1576 ostenderit,

305 1653 494 1744 quornm
522 1651 648 1740 opera
670 1625 744 1718 ille
765 1611 908 1744 'patria
932 1620 1075 1744 pulsus
1091 1620 1266 1714 'firmat
1282 1620 1394 1716 Non
1411 1625 1553 1716 multo
1569 1619 1662 1743 post

306 1765 448 1862 secuta
478 1761 577 1857 sunt
606 1791 799 1885 tempora
816 1769 1056 1886 pacatiora,
1082 1777 1122 1858 a
1144 1765 1394 1888 aequissimis
1411 1765 1665 1858 hominibus.

305 1911 360 2002 ad
390 1908 671 2028 gubernacula
700 1909 978 2027 Reipublicae
1008 1907 1278 2022 sedentibus,
1305 1908 1546 2002 incredibili
1578 1903 1660 1996 stn-

304 2054 381 2144 dio
410 2071 547 2168 atque.
560 2049 726 2170 pudore
760 2055 896 2144 totius
925 2055 1113 2144 civitatis
1145 2056 1191 2146 in
1220 2057 1403 2174 patriam
1432 2075 1661 2143 revocatus

306 2192 423 2288 fuit.
467 2193 592 2284 Tum
634 2221 738 2284 vero
778 2198 906 2285 novis
950 2191 1139 2288 restituta
1187 2193 1351 2314 legibus
1392 2192 1659 2314 Republica,

304 2333 549 2462 perniciosis
579 2335 650 2427 vel
680 2329 873 2454 suspeslis
899 2337 1070 2428 civibus
1099 2325 1258 2432 Senatu
1298 2339 1456 2446 motis,
1484 2361 1562 2426 aut
1589 2363 1661 2452 pa·

306 2485 390 2576 rrla
434 2475 644 2599 expulsis,
686 2481 873 2596 probitas
908 2479 1124 2598 bonaeque
1163 2507 1273 2574 artes
1319 2483 1366 2572 in
1401 2483 1540 2600 pretio
1581 2474 1661 2570 esse
1716 2491 1721 2500 '

305 2627 563 2742 coeperunt.
595 2625 668 2714 Ab
698 2655 750 2714 eo
782 2621 971 2742 proferro
1000 2648 1192 2742 tempore
1211 2621 1452 2728 Florentini
1469 2619 1659 2740 ejusdem

305 2767 448 2858 divini
476 2765 666 2864 bominis
696 2765 876 2860 consilio
905 2765 1024 2886 saepe
1052 2793 1132 2887 pro
1167 2768 1397 2858 communi
1425 2795 1528 2886 pace
1545 2829 1559 2876 ,
1578 2789 1659 2882 pro

306 2912 445 3026 patria
486 2909 681 3000 libertate
719 2909 1087 3032 amplinrdincquc
1112 2911 1286 3030 imperii
1328 2905 1511 3002 feliciter
1546 2905 1658 2996 bella

304 3045 550 3170 gesserunt,
579 3055 764 3170 privatas
807 3079 907 3171 opes
941 3077 1184 3164 ‘auxerunm
1213 3053 1450 3171 urbemque
1490 3050 1659 3140 exinriis

306 3191 661 3284 nobilissimarum
702 3197 861 3287 artiurn
902 3201 1163 3288 ornamentis
1208 3194 1493 3288 illustrarunt.
1521 3189 1659 3282 Vixit

307 3331 497 3429 Cosmus
526 3335 580 3424 ad
622 3332 833 3426 summam
863 3366 996 3462 prope
1029 3337 1285 3436 seneclutem
1319 3340 1484 3459 integra
1511 3333 1657 3424 anuo-

309 3483 435 3573 rltate
478 3505 528 3566 ac
569 3477 743 3572 florenti
785 3480 946 3603 semper
979 3483 1117 3603 gloria
1152 3485 1263 3576 retlc
1302 3507 1430 3601 atquc
1472 3473 1655 3570 feliciter

305 3621 619 3718 administratae
649 3626 952 3742 Reipublicae,
975 3653 1104 3747 quarn
1127 3627 1298 3720 laudam
1315 3625 1525 3746 praeclara
1542 3603 1671 3711 mon

305 3791 349 3858 te
386 3761 652 3876 cumulavit,
683 3767 803 3885 quod
833 3770 983 3862 Pnran
1014 3767 1234 3879 Parmae,
1256 3771 1484 3889 'antequam
1514 3795 1546 3858 e
1568 3765 1660 3854 vita
1707 3803 1710 3810 ·

306 3911 558 4019 decederet,
591 3911 764 4002 decreto
799 3913 977 4032 publico
1000 3910 1132 4004 suerit
1161 3913 1421 4032 appellatus,
1440 3910 1569 4029 idque
1603 3907 1658 3997 ad

304 4043 675 4146 immortalitatem
706 4054 895 4144 nominis
923 4081 1165 4149 marmoreo
1192 4057 1280 4174 ejus
1308 4054 1483 4148 tumulo
1500 4047 1657 4142 'inscri-

304 4217 432 4316 ptum
478 4192 569 4308 (2).
610 4190 706 4284 Post
735 4193 825 4309 ejus
854 4195 1066 4290 excelsum
1092 4195 1294 4318 suscepit
1322 4193 1656 4314 Rampublicam

305 4333 456 4428 Petrus
486 4335 602 4426 illius
630 4331 776 4449 filius,
804 4341 880 4458 qui
917 4341 1112 4458 quamvis
1140 4339 1421 4432 extolleretur
1459 4329 1654 4453 magnifi-

307 4477 452 4570 centia
480 4480 692 4599 &opibus
721 4482 933 4604 paternit,
951 4473 1196 4598 cunslisque
1224 4483 1442 4602 privatum
1471 4477 1653 4572 modum

1074 4623 1119 4715 A
1152 4653 1176 4712 2
