<?xml version="1.0" encoding="UTF-8"?>
<!DOCTYPE html PUBLIC "-//W3C//DTD XHTML 1.0 Transitional//EN"
    "http://www.w3.org/TR/xhtml1/DTD/xhtml1-transitional.dtd">
<html xmlns="http://www.w3.org/1999/xhtml" xml:lang="en" lang="en">
 <head>
  <title>
</title>
<meta http-equiv="Content-Type" content="text/html;charset=utf-8" />
  <meta name='ocr-system' content='tesseract 3.04.00' />
  <meta name='ocr-capabilities' content='ocr_page ocr_carea ocr_par ocr_line ocrx_word'/>
</head>
<body>
  <div class='ocr_page' id='page_1' title='image "./laurentiimedici00fabrgoog_0086.png"; bbox 0 0 4472 5858; ppageno 0'>
   <div class='ocr_carea' id='block_1_1' title="bbox 1534 94 1553 142">
    <p class='ocr_par' dir='ltr' id='par_1_1' title="bbox 1534 94 1553 142">
     <span class='ocr_line' id='line_1_1' title="bbox 1534 94 1553 142; baseline 0 0"><span class='ocrx_word' id='word_1_1' title='bbox 1534 94 1553 142; x_wconf 55' lang='lat' dir='ltr'>lt</span> 
     </span>
    </p>
   </div>
   <div class='ocr_carea' id='block_1_2' title="bbox 490 409 1629 595">
    <p class='ocr_par' dir='ltr' id='par_1_2' title="bbox 490 409 1629 604">
     <span class='ocr_line' id='line_1_2' title="bbox 490 409 1629 595; baseline 0.018 -31"><span class='ocrx_word' id='word_1_2' title='bbox 490 409 1399 584; x_wconf 56' lang='lat' dir='ltr'>..Muennarmasrnatt</span> <span class='ocrx_word' id='word_1_3' title='bbox 1529 503 1629 595; x_wconf 61' lang='grc' dir='ltr'>υ,</span> 
     </span>
    </p>
   </div>
   <div class='ocr_carea' id='block_1_3' title="bbox 250 685 1707 4544">
    <p class='ocr_par' dir='ltr' id='par_1_3' title="bbox 294 685 1707 1978">
     <span class='ocr_line' id='line_1_3' title="bbox 294 685 1707 820; baseline -0.001 -32"><span class='ocrx_word' id='word_1_4' title='bbox 294 687 366 788; x_wconf 72' lang='lat' dir='ltr'>est</span> <span class='ocrx_word' id='word_1_5' title='bbox 395 719 486 788; x_wconf 83' lang='lat' dir='ltr'>uon</span> <span class='ocrx_word' id='word_1_6' title='bbox 524 693 778 812; x_wconf 59' lang='lat' dir='ltr'>perturbari·</span> <span class='ocrx_word' id='word_1_7' title='bbox 799 695 864 802; x_wconf 74' lang='lat' dir='ltr'>Jin&#39;</span> <span class='ocrx_word' id='word_1_8' title='bbox 881 696 1018 820; x_wconf 82' lang='lat' dir='ltr'>rebus</span> <span class='ocrx_word' id='word_1_9' title='bbox 1047 685 1248 815; x_wconf 84' lang='lat' dir='ltr'>asperis,</span> <span class='ocrx_word' id='word_1_10' title='bbox 1279 707 1425 814; x_wconf 74' lang='lat' dir='ltr'>‘neque</span> <span class='ocrx_word' id='word_1_11' title='bbox 1460 698 1522 788; x_wconf 71' lang='lat' dir='ltr'>:vi</span> <span class='ocrx_word' id='word_1_12' title='bbox 1561 696 1648 786; x_wconf 81' lang='lat' dir='ltr'>ulla</span> <span class='ocrx_word' id='word_1_13' title='bbox 1698 723 1707 762; x_wconf 68' lang='lat'>³</span> 
     </span>
     <span class='ocr_line' id='line_1_4' title="bbox 303 836 1648 961; baseline 0.001 -31"><span class='ocrx_word' id='word_1_14' title='bbox 303 837 357 930; x_wconf 85' lang='lat' dir='ltr'>de</span> <span class='ocrx_word' id='word_1_15' title='bbox 395 836 528 956; x_wconf 82' lang='lat' dir='ltr'>gradu</span> <span class='ocrx_word' id='word_1_16' title='bbox 571 839 739 957; x_wconf 84' lang='lat' dir='ltr'>dejici,</span> <span class='ocrx_word' id='word_1_17' title='bbox 787 837 860 934; x_wconf 82' lang='lat' dir='ltr'>sed</span> <span class='ocrx_word' id='word_1_18' title='bbox 900 836 1106 961; x_wconf 83' lang='lat' dir='ltr'>praesenti</span> <span class='ocrx_word' id='word_1_19' title='bbox 1147 839 1295 934; x_wconf 89' lang='lat' dir='ltr'>animo</span> <span class='ocrx_word' id='word_1_20' title='bbox 1349 842 1418 934; x_wconf 85' lang='lat' dir='ltr'>uti</span> <span class='ocrx_word' id='word_1_21' title='bbox 1458 845 1499 932; x_wconf 79' lang='lat' dir='ltr'>dt</span> <span class='ocrx_word' id='word_1_22' title='bbox 1542 869 1648 932; x_wconf 85' lang='lat' dir='ltr'>con·</span> 
     </span>
     <span class='ocr_line' id='line_1_5' title="bbox 297 981 1663 1102; baseline 0.005 -27"><span class='ocrx_word' id='word_1_23' title='bbox 297 981 429 1094; x_wconf 79' lang='lat' dir='ltr'>filio,</span> <span class='ocrx_word' id='word_1_24' title='bbox 460 1011 541 1073; x_wconf 89' lang='lat' dir='ltr'>nec</span> <span class='ocrx_word' id='word_1_25' title='bbox 584 988 610 1074; x_wconf 85' lang='lat' dir='ltr'>a&#39;</span> <span class='ocrx_word' id='word_1_26' title='bbox 638 987 806 1076; x_wconf 84' lang='lat' dir='ltr'>ratione</span> <span class='ocrx_word' id='word_1_27' title='bbox 833 981 1047 1076; x_wconf 88' lang='lat' dir='ltr'>discedere</span> <span class='ocrx_word' id='word_1_28' title='bbox 1059 1001 1077 1093; x_wconf 84' lang='grc'>,’</span> <span class='ocrx_word' id='word_1_29' title='bbox 1095 1015 1195 1078; x_wconf 89' lang='lat' dir='ltr'>non</span> <span class='ocrx_word' id='word_1_30' title='bbox 1236 985 1368 1078; x_wconf 86' lang='lat' dir='ltr'>video</span> <span class='ocrx_word' id='word_1_31' title='bbox 1393 981 1539 1090; x_wconf 81' lang='lat' dir='ltr'>sane,</span> <span class='ocrx_word' id='word_1_32' title='bbox 1571 985 1663 1102; x_wconf 88' lang='lat' dir='ltr'>qui.</span> 
     </span>
     <span class='ocr_line' id='line_1_6' title="bbox 295 1127 1647 1250; baseline -0.001 -28"><span class='ocrx_word' id='word_1_33' title='bbox 295 1127 559 1222; x_wconf 82' lang='lat' dir='ltr'>fortitudine</span> <span class='ocrx_word' id='word_1_34' title='bbox 589 1129 824 1222; x_wconf 88' lang='lat' dir='ltr'>Laurentio</span> <span class='ocrx_word' id='word_1_35' title='bbox 854 1128 977 1250; x_wconf 83' lang='lat' dir='ltr'>possit</span> <span class='ocrx_word' id='word_1_36' title='bbox 1007 1133 1271 1250; x_wconf 73' lang='lat' dir='ltr'>comparari·</span> <span class='ocrx_word' id='word_1_37' title='bbox 1309 1129 1430 1222; x_wconf 87' lang='lat' dir='ltr'>lntus</span> <span class='ocrx_word' id='word_1_38' title='bbox 1461 1127 1647 1246; x_wconf 86' lang='lat' dir='ltr'>forisque</span> 
     </span>
     <span class='ocr_line' id='line_1_7' title="bbox 298 1272 1705 1395; baseline -0.004 -25"><span class='ocrx_word' id='word_1_39' title='bbox 298 1279 449 1370; x_wconf 86' lang='lat' dir='ltr'>omnia</span> <span class='ocrx_word' id='word_1_40' title='bbox 478 1272 851 1394; x_wconf 84' lang='lat' dir='ltr'>circumspiciebat</span> <span class='ocrx_word' id='word_1_41' title='bbox 863 1311 880 1376; x_wconf 90' lang='lat'><em>;</em></span> <span class='ocrx_word' id='word_1_42' title='bbox 916 1276 1080 1368; x_wconf 78' lang='lat' dir='ltr'>litteras</span> <span class='ocrx_word' id='word_1_43' title='bbox 1109 1273 1426 1395; x_wconf 86' lang='lat' dir='ltr'>quoquoversus</span> <span class='ocrx_word' id='word_1_44' title='bbox 1453 1275 1509 1366; x_wconf 87' lang='lat' dir='ltr'>ad</span> <span class='ocrx_word' id='word_1_45' title='bbox 1525 1276 1646 1364; x_wconf 82' lang='lat' dir='ltr'>ami·</span> <span class='ocrx_word' id='word_1_46' title='bbox 1702 1279 1705 1288; x_wconf 68' lang='lat'>‘</span> 
     </span>
     <span class='ocr_line' id='line_1_8' title="bbox 298 1415 1704 1540; baseline -0.004 -29"><span class='ocrx_word' id='word_1_47' title='bbox 298 1447 377 1512; x_wconf 90' lang='lat' dir='ltr'>cos</span> <span class='ocrx_word' id='word_1_48' title='bbox 413 1415 553 1526; x_wconf 83' lang='lat' dir='ltr'>mifit,</span> <span class='ocrx_word' id='word_1_49' title='bbox 593 1445 644 1511; x_wconf 93' lang='lat' dir='ltr'>ut</span> <span class='ocrx_word' id='word_1_50' title='bbox 673 1449 852 1540; x_wconf 85' lang='lat' dir='ltr'>propere</span> <span class='ocrx_word' id='word_1_51' title='bbox 893 1415 1204 1512; x_wconf 82' lang='lat' dir='ltr'>subvenirent:</span> <span class='ocrx_word' id='word_1_52' title='bbox 1245 1421 1441 1512; x_wconf 90' lang='lat' dir='ltr'>bortatur</span> <span class='ocrx_word' id='word_1_53' title='bbox 1481 1417 1704 1510; x_wconf 68' lang='lat' dir='ltr'>vicinas*</span> 
     </span>
     <span class='ocr_line' id='line_1_9' title="bbox 297 1558 1650 1681; baseline -0.001 -27"><span class='ocrx_word' id='word_1_54' title='bbox 297 1565 527 1672; x_wconf 83' lang='lat' dir='ltr'>civitates,&#39;</span> <span class='ocrx_word' id='word_1_55' title='bbox 554 1589 606 1656; x_wconf 92' lang='lat' dir='ltr'>ut</span> <span class='ocrx_word' id='word_1_56' title='bbox 634 1567 883 1656; x_wconf 90' lang='lat' dir='ltr'>communis</span> <span class='ocrx_word' id='word_1_57' title='bbox 912 1565 1121 1656; x_wconf 84' lang='lat' dir='ltr'>libertatis</span> <span class='ocrx_word' id='word_1_58' title='bbox 1150 1558 1286 1652; x_wconf 78' lang='lat' dir='ltr'>caussa</span> <span class='ocrx_word' id='word_1_59' title='bbox 1309 1587 1431 1658; x_wconf 66' lang='lat' dir='ltr'>&#39;arma</span> <span class='ocrx_word' id='word_1_60' title='bbox 1462 1565 1650 1681; x_wconf 83' lang='lat' dir='ltr'>capiant,</span> 
     </span>
     <span class='ocr_line' id='line_1_10' title="bbox 295 1705 1706 1828; baseline -0.003 -30"><span class='ocrx_word' id='word_1_61' title='bbox 295 1705 432 1825; x_wconf 90' lang='lat' dir='ltr'>iisque</span> <span class='ocrx_word' id='word_1_62' title='bbox 464 1729 632 1796; x_wconf 84' lang='lat' dir='ltr'>certttm</span> <span class='ocrx_word' id='word_1_63' title='bbox 659 1735 892 1798; x_wconf 89' lang='lat' dir='ltr'>numerum</span> <span class='ocrx_word' id='word_1_64' title='bbox 914 1706 1107 1798; x_wconf 90' lang='lat' dir='ltr'>militum</span> <span class='ocrx_word' id='word_1_65' title='bbox 1137 1710 1344 1828; x_wconf 84' lang='lat' dir='ltr'>imperat,</span> <span class='ocrx_word' id='word_1_66' title='bbox 1374 1707 1450 1825; x_wconf 90' lang='lat' dir='ltr'>qui</span> <span class='ocrx_word' id='word_1_67' title='bbox 1469 1705 1645 1798; x_wconf 80' lang='lat' dir='ltr'>Florem</span> <span class='ocrx_word' id='word_1_68' title='bbox 1701 1715 1706 1724; x_wconf 90' lang='lat'>&#39;</span> 
     </span>
     <span class='ocr_line' id='line_1_11' title="bbox 296 1849 1646 1978; baseline 0.001 -38"><span class='ocrx_word' id='word_1_69' title='bbox 296 1851 406 1940; x_wconf 86' lang='lat' dir='ltr'>tiam</span> <span class='ocrx_word' id='word_1_70' title='bbox 437 1853 729 1942; x_wconf 83' lang='lat' dir='ltr'>conveniant.</span> <span class='ocrx_word' id='word_1_71' title='bbox 759 1849 900 1964; x_wconf 82' lang='lat' dir='ltr'>Quod</span> <span class='ocrx_word' id='word_1_72' title='bbox 941 1851 1120 1978; x_wconf 83' lang='lat' dir='ltr'>timebat</span> <span class='ocrx_word' id='word_1_73' title='bbox 1153 1853 1368 1961; x_wconf 63' lang='lat' dir='ltr'>maxime5</span> <span class='ocrx_word' id='word_1_74' title='bbox 1397 1877 1563 1966; x_wconf 57' lang='lat' dir='ltr'>neaqua</span> <span class='ocrx_word' id='word_1_75' title='bbox 1586 1849 1646 1942; x_wconf 84' lang='lat' dir='ltr'>ab</span> 
     </span>
    </p>

    <p class='ocr_par' dir='ltr' id='par_1_4' title="bbox 250 1983 1694 4544">
     <span class='ocr_line' id='line_1_12' title="bbox 250 1983 1645 2112; baseline -0.003 -28"><span class='ocrx_word' id='word_1_76' title='bbox 250 2060 253 2068; x_wconf 75' lang='lat'><em>·</em></span> <span class='ocrx_word' id='word_1_77' title='bbox 298 1983 488 2084; x_wconf 86' lang='lat' dir='ltr'>Aemilia</span> <span class='ocrx_word' id='word_1_78' title='bbox 517 1995 701 2112; x_wconf 88' lang='lat' dir='ltr'>irruptio</span> <span class='ocrx_word' id='word_1_79' title='bbox 729 1990 880 2104; x_wconf 84' lang='lat' dir='ltr'>fieret,</span> <span class='ocrx_word' id='word_1_80' title='bbox 909 1991 1131 2084; x_wconf 82' lang='lat' dir='ltr'>mandavit</span> <span class='ocrx_word' id='word_1_81' title='bbox 1162 1993 1392 2108; x_wconf 85' lang='lat' dir='ltr'>majoribus</span> <span class='ocrx_word' id='word_1_82' title='bbox 1421 1994 1527 2084; x_wconf 89' lang='lat' dir='ltr'>meis</span> <span class='ocrx_word' id='word_1_83' title='bbox 1547 1991 1645 2108; x_wconf 70' lang='lat'><em>(81)</em></span> 
     </span>
     <span class='ocr_line' id='line_1_13' title="bbox 293 2133 1666 2254; baseline 0 -28"><span class='ocrx_word' id='word_1_84' title='bbox 293 2161 348 2228; x_wconf 88' lang='lat' dir='ltr'>ut</span> <span class='ocrx_word' id='word_1_85' title='bbox 383 2137 480 2226; x_wconf 91' lang='lat' dir='ltr'>loca</span> <span class='ocrx_word' id='word_1_86' title='bbox 518 2163 671 2230; x_wconf 87' lang='lat' dir='ltr'>natura</span> <span class='ocrx_word' id='word_1_87' title='bbox 687 2140 694 2174; x_wconf 74' lang='lat'>¹</span> <span class='ocrx_word' id='word_1_88' title='bbox 713 2135 992 2230; x_wconf 67' lang='lat' dir='ltr'>munitissima</span> <span class='ocrx_word' id='word_1_89' title='bbox 1020 2140 1146 2229; x_wconf 91' lang='lat' dir='ltr'>omni</span> <span class='ocrx_word' id='word_1_90' title='bbox 1183 2133 1324 2230; x_wconf 87' lang='lat' dir='ltr'>studio</span> <span class='ocrx_word' id='word_1_91' title='bbox 1353 2139 1560 2254; x_wconf 85' lang='lat' dir='ltr'>omnique</span> <span class='ocrx_word' id='word_1_92' title='bbox 1595 2136 1666 2226; x_wconf 80' lang='lat' dir='ltr'>vi</span> 
     </span>
     <span class='ocr_line' id='line_1_14' title="bbox 293 2276 1640 2400; baseline 0 -30"><span class='ocrx_word' id='word_1_93' title='bbox 293 2276 606 2371; x_wconf 89' lang='lat' dir='ltr'>defenderent.</span> <span class='ocrx_word' id='word_1_94' title='bbox 649 2279 857 2400; x_wconf 81' lang='lat' dir='ltr'>Magnam</span> <span class='ocrx_word' id='word_1_95' title='bbox 898 2309 950 2370; x_wconf 82' lang='lat' dir='ltr'>er</span> <span class='ocrx_word' id='word_1_96' title='bbox 990 2281 1111 2400; x_wconf 79' lang='lat' dir='ltr'>agris</span> <span class='ocrx_word' id='word_1_97' title='bbox 1144 2277 1192 2370; x_wconf 82' lang='lat' dir='ltr'>in‘</span> <span class='ocrx_word' id='word_1_98' title='bbox 1236 2277 1385 2374; x_wconf 85' lang='lat' dir='ltr'>urbem</span> <span class='ocrx_word' id='word_1_99' title='bbox 1406 2341 1410 2352; x_wconf 91' lang='lat'>·</span> <span class='ocrx_word' id='word_1_100' title='bbox 1430 2279 1640 2371; x_wconf 88' lang='lat' dir='ltr'>frumenti</span> 
     </span>
     <span class='ocr_line' id='line_1_15' title="bbox 291 2419 1667 2542; baseline -0.007 -26"><span class='ocrx_word' id='word_1_101' title='bbox 291 2419 516 2539; x_wconf 87' lang='lat' dir='ltr'>omnisque</span> <span class='ocrx_word' id='word_1_102' title='bbox 560 2449 831 2514; x_wconf 83' lang='lat' dir='ltr'>commeatus</span> <span class='ocrx_word' id='word_1_103' title='bbox 871 2425 1044 2542; x_wconf 87' lang='lat' dir='ltr'>copiam</span> <span class='ocrx_word' id='word_1_104' title='bbox 1086 2425 1377 2542; x_wconf 88' lang='lat' dir='ltr'>comportari,</span> <span class='ocrx_word' id='word_1_105' title='bbox 1419 2445 1667 2536; x_wconf 88' lang='lat' dir='ltr'>ceteraque·</span> 
     </span>
     <span class='ocr_line' id='line_1_16' title="bbox 291 2551 1642 2682; baseline 0.001 -31"><span class='ocrx_word' id='word_1_106' title='bbox 291 2551 427 2680; x_wconf 83' lang='lat' dir='ltr'>parari</span> <span class='ocrx_word' id='word_1_107' title='bbox 458 2560 607 2678; x_wconf 54' lang='lat' dir='ltr'>iussin*</span> <span class='ocrx_word' id='word_1_108' title='bbox 624 2591 735 2682; x_wconf 85' lang='lat' dir='ltr'>quae</span> <span class='ocrx_word' id='word_1_109' title='bbox 759 2563 814 2654; x_wconf 86' lang='lat' dir='ltr'>ad</span> <span class='ocrx_word' id='word_1_110' title='bbox 852 2567 945 2654; x_wconf 86' lang='lat' dir='ltr'>vim</span> <span class='ocrx_word' id='word_1_111' title='bbox 977 2559 1167 2658; x_wconf 89' lang='lat' dir='ltr'>bostium</span> <span class='ocrx_word' id='word_1_112' title='bbox 1196 2563 1479 2682; x_wconf 85' lang='lat' dir='ltr'>sustinendam</span> <span class='ocrx_word' id='word_1_113' title='bbox 1511 2558 1642 2654; x_wconf 87' lang='lat' dir='ltr'>essent</span> 
     </span>
     <span class='ocr_line' id='line_1_17' title="bbox 291 2701 1664 2828; baseline 0 -32"><span class='ocrx_word' id='word_1_114' title='bbox 291 2701 542 2797; x_wconf 85' lang='lat' dir='ltr'>necessaria.</span> <span class='ocrx_word' id='word_1_115' title='bbox 572 2703 898 2828; x_wconf 89' lang='lat' dir='ltr'>Non-imperio</span> <span class='ocrx_word' id='word_1_116' title='bbox 929 2708 1090 2819; x_wconf 81' lang='lat' dir='ltr'>modo,</span> <span class='ocrx_word' id='word_1_117' title='bbox 1120 2707 1192 2802; x_wconf 83' lang='lat' dir='ltr'>sod</span> <span class='ocrx_word' id='word_1_118' title='bbox 1223 2708 1404 2804; x_wconf 89' lang='lat' dir='ltr'>consrlio</span> <span class='ocrx_word' id='word_1_119' title='bbox 1427 2735 1478 2798; x_wconf 85' lang='lat' dir='ltr'>ac</span> <span class='ocrx_word' id='word_1_120' title='bbox 1509 2735 1664 2826; x_wconf 86' lang='lat' dir='ltr'>prope·</span> 
     </span>
     <span class='ocr_line' id='line_1_18' title="bbox 289 2843 1640 2973; baseline 0.001 -36"><span class='ocrx_word' id='word_1_121' title='bbox 289 2850 489 2965; x_wconf 81' lang='lat' dir='ltr'>precibus</span> <span class='ocrx_word' id='word_1_122' title='bbox 519 2849 690 2967; x_wconf 79' lang='lat' dir='ltr'>agebat&#39;</span> <span class='ocrx_word' id='word_1_123' title='bbox 705 2879 809 2942; x_wconf 91' lang='lat' dir='ltr'>cnm</span> <span class='ocrx_word' id='word_1_124' title='bbox 836 2851 1035 2973; x_wconf 60' lang='lat' dir='ltr'>populos</span> <span class='ocrx_word' id='word_1_125' title='bbox 1067 2851 1249 2971; x_wconf 84' lang='lat' dir='ltr'>nequis</span> <span class='ocrx_word' id='word_1_126' title='bbox 1289 2852 1394 2944; x_wconf 92' lang='lat' dir='ltr'>boni</span> <span class='ocrx_word' id='word_1_127' title='bbox 1425 2850 1534 2940; x_wconf 83' lang='lat' dir='ltr'>civis</span> <span class='ocrx_word' id='word_1_128' title='bbox 1574 2843 1640 2964; x_wconf 70' lang='lat' dir='ltr'>os</span> 
     </span>
     <span class='ocr_line' id='line_1_19' title="bbox 287 2977 1639 3114; baseline 0.001 -34"><span class='ocrx_word' id='word_1_129' title='bbox 287 2977 444 3080; x_wconf 85' lang='lat' dir='ltr'>ficium</span> <span class='ocrx_word' id='word_1_130' title='bbox 496 2998 858 3111; x_wconf 85' lang='lat' dir='ltr'>praetermitteret</span> <span class='ocrx_word' id='word_1_131' title='bbox 894 2995 950 3086; x_wconf 92' lang='lat' dir='ltr'>ad</span> <span class='ocrx_word' id='word_1_132' title='bbox 990 2991 1273 3114; x_wconf 87' lang='lat' dir='ltr'>propulsanda</span> <span class='ocrx_word' id='word_1_133' title='bbox 1324 2993 1551 3113; x_wconf 85' lang='lat' dir='ltr'>pericula;</span> <span class='ocrx_word' id='word_1_134' title='bbox 1597 2995 1639 3082; x_wconf 76' lang='grc' dir='ltr'>δι</span> 
     </span>
     <span class='ocr_line' id='line_1_20' title="bbox 289 3127 1637 3250; baseline -0.001 -26"><span class='ocrx_word' id='word_1_135' title='bbox 289 3161 383 3224; x_wconf 89' lang='lat' dir='ltr'>non</span> <span class='ocrx_word' id='word_1_136' title='bbox 413 3127 532 3223; x_wconf 89' lang='lat' dir='ltr'>secus</span> <span class='ocrx_word' id='word_1_137' title='bbox 562 3161 613 3222; x_wconf 92' lang='lat' dir='ltr'>ac</span> <span class='ocrx_word' id='word_1_138' title='bbox 643 3132 673 3222; x_wconf 92' lang='lat' dir='ltr'>sr</span> <span class='ocrx_word' id='word_1_139' title='bbox 704 3131 859 3224; x_wconf 86' lang='lat' dir='ltr'>adesset</span> <span class='ocrx_word' id='word_1_140' title='bbox 887 3131 1018 3226; x_wconf 90' lang='lat' dir='ltr'>bostis</span> <span class='ocrx_word' id='word_1_141' title='bbox 1062 3131 1308 3229; x_wconf 82' lang='lat' dir='ltr'>nioenibus&#39;</span> <span class='ocrx_word' id='word_1_142' title='bbox 1332 3137 1449 3224; x_wconf 93' lang='lat' dir='ltr'>urbis</span> <span class='ocrx_word' id='word_1_143' title='bbox 1465 3151 1484 3242; x_wconf 85' lang='grc'>,“</span> <span class='ocrx_word' id='word_1_144' title='bbox 1526 3133 1637 3250; x_wconf 88' lang='lat' dir='ltr'>vigi-</span> 
     </span>
     <span class='ocr_line' id='line_1_21' title="bbox 285 3269 1637 3397; baseline 0.002 -36"><span class='ocrx_word' id='word_1_145' title='bbox 285 3269 369 3364; x_wconf 84' lang='lat' dir='ltr'>liae</span> <span class='ocrx_word' id='word_1_146' title='bbox 400 3269 678 3396; x_wconf 86' lang='lat' dir='ltr'>stationesque</span> <span class='ocrx_word' id='word_1_147' title='bbox 701 3279 762 3368; x_wconf 88' lang='lat' dir='ltr'>ita</span> <span class='ocrx_word' id='word_1_148' title='bbox 787 3276 1073 3397; x_wconf 90' lang='lat' dir='ltr'>disponuntur</span> <span class='ocrx_word' id='word_1_149' title='bbox 1104 3275 1238 3372; x_wconf 87' lang='lat' dir='ltr'>ferme</span> <span class='ocrx_word' id='word_1_150' title='bbox 1259 3302 1310 3368; x_wconf 89' lang='lat' dir='ltr'>ut</span> <span class='ocrx_word' id='word_1_151' title='bbox 1334 3279 1637 3392; x_wconf 81' lang='lat' dir='ltr'>contingerent</span> 
     </span>
     <span class='ocr_line' id='line_1_22' title="bbox 284 3409 1694 3539; baseline 0.006 -35"><span class='ocrx_word' id='word_1_152' title='bbox 284 3409 329 3506; x_wconf 94' lang='lat' dir='ltr'>se</span> <span class='ocrx_word' id='word_1_153' title='bbox 361 3411 431 3508; x_wconf 63' lang='lat' dir='ltr'>se‘.</span> <span class='ocrx_word' id='word_1_154' title='bbox 463 3413 814 3514; x_wconf 84' lang='lat' dir='ltr'>observabantur</span> <span class='ocrx_word' id='word_1_155' title='bbox 856 3449 1031 3539; x_wconf 87' lang='lat' dir='ltr'>quoque</span> <span class='ocrx_word' id='word_1_156' title='bbox 1062 3421 1230 3514; x_wconf 91' lang='lat' dir='ltr'>occulti</span> <span class='ocrx_word' id='word_1_157' title='bbox 1260 3417 1526 3539; x_wconf 80' lang='lat' dir='ltr'>fingulorum</span> <span class='ocrx_word' id='word_1_158' title='bbox 1557 3415 1636 3508; x_wconf 88' lang='lat' dir='ltr'>bo·</span> <span class='ocrx_word' id='word_1_159' title='bbox 1693 3507 1694 3512; x_wconf 10' lang='lat' dir='ltr'>a</span> 
     </span>
     <span class='ocr_line' id='line_1_23' title="bbox 284 3559 1638 3684; baseline 0.002 -35"><span class='ocrx_word' id='word_1_160' title='bbox 284 3561 459 3650; x_wconf 91' lang='lat' dir='ltr'>minum</span> <span class='ocrx_word' id='word_1_161' title='bbox 494 3563 663 3671; x_wconf 88' lang='lat' dir='ltr'>exitus,</span> <span class='ocrx_word' id='word_1_162' title='bbox 694 3591 749 3674; x_wconf 88' lang='lat' dir='ltr'>ne</span> <span class='ocrx_word' id='word_1_163' title='bbox 779 3564 896 3654; x_wconf 89' lang='lat' dir='ltr'>ullus</span> <span class='ocrx_word' id='word_1_164' title='bbox 924 3563 1128 3684; x_wconf 89' lang='lat' dir='ltr'>perfidiae</span> <span class='ocrx_word' id='word_1_165' title='bbox 1158 3566 1282 3658; x_wconf 91' lang='lat' dir='ltr'>locus</span> <span class='ocrx_word' id='word_1_166' title='bbox 1327 3559 1456 3671; x_wconf 89' lang='lat' dir='ltr'>esset,</span> <span class='ocrx_word' id='word_1_167' title='bbox 1498 3586 1638 3676; x_wconf 88' lang='lat' dir='ltr'>neque</span> 
     </span>
     <span class='ocr_line' id='line_1_24' title="bbox 285 3701 1637 3829; baseline -0.001 -37"><span class='ocrx_word' id='word_1_168' title='bbox 285 3721 377 3792; x_wconf 89' lang='lat' dir='ltr'>tam</span> <span class='ocrx_word' id='word_1_169' title='bbox 422 3701 592 3796; x_wconf 87' lang='lat' dir='ltr'>remisso</span> <span class='ocrx_word' id='word_1_170' title='bbox 632 3733 684 3796; x_wconf 91' lang='lat' dir='ltr'>ac</span> <span class='ocrx_word' id='word_1_171' title='bbox 728 3705 938 3826; x_wconf 76' lang='lat' dir='ltr'>languido</span> <span class='ocrx_word' id='word_1_172' title='bbox 978 3711 1127 3800; x_wconf 89' lang='lat' dir='ltr'>animo</span> <span class='ocrx_word' id='word_1_173' title='bbox 1168 3701 1392 3829; x_wconf 90' lang='lat' dir='ltr'>quisquam</span> <span class='ocrx_word' id='word_1_174' title='bbox 1434 3703 1637 3796; x_wconf 87' lang='lat' dir='ltr'>omnium</span> 
     </span>
     <span class='ocr_line' id='line_1_25' title="bbox 281 3845 1638 3968; baseline 0 -30"><span class='ocrx_word' id='word_1_175' title='bbox 281 3869 398 3954; x_wconf 88' lang='lat' dir='ltr'>erat,</span> <span class='ocrx_word' id='word_1_176' title='bbox 429 3849 505 3964; x_wconf 90' lang='lat' dir='ltr'>qui</span> <span class='ocrx_word' id='word_1_177' title='bbox 546 3871 642 3938; x_wconf 90' lang='lat' dir='ltr'>tum</span> <span class='ocrx_word' id='word_1_178' title='bbox 673 3846 749 3940; x_wconf 79' lang='lat' dir='ltr'>sabi</span> <span class='ocrx_word' id='word_1_179' title='bbox 791 3845 1186 3968; x_wconf 86' lang='lat' dir='ltr'>conquiescendum</span> <span class='ocrx_word' id='word_1_180' title='bbox 1226 3873 1425 3968; x_wconf 88' lang='lat' dir='ltr'>putatet.</span> <span class='ocrx_word' id='word_1_181' title='bbox 1467 3845 1638 3938; x_wconf 87' lang='lat' dir='ltr'>Attulit</span> 
     </span>
     <span class='ocr_line' id='line_1_26' title="bbox 280 3983 1635 4111; baseline 0.004 -37"><span class='ocrx_word' id='word_1_182' title='bbox 280 3983 546 4084; x_wconf 87' lang='lat' dir='ltr'>Florentinis</span> <span class='ocrx_word' id='word_1_183' title='bbox 576 4019 777 4111; x_wconf 84' lang='lat' dir='ltr'>magnam</span> <span class='ocrx_word' id='word_1_184' title='bbox 801 3995 1064 4087; x_wconf 88' lang='lat' dir='ltr'>alacritatem</span> <span class='ocrx_word' id='word_1_185' title='bbox 1091 3992 1302 4090; x_wconf 85' lang='lat' dir='ltr'>adventus</span> <span class='ocrx_word' id='word_1_186' title='bbox 1330 3989 1508 4100; x_wconf 83' lang='lat' dir='ltr'>Joannis</span> <span class='ocrx_word' id='word_1_187' title='bbox 1525 3989 1635 4082; x_wconf 60' lang='lat' dir='ltr'>Bene</span> 
     </span>
     <span class='ocr_line' id='line_1_27' title="bbox 280 4131 1639 4256; baseline -0.004 -32"><span class='ocrx_word' id='word_1_188' title='bbox 280 4131 411 4224; x_wconf 84' lang='lat' dir='ltr'>tiroli</span> <span class='ocrx_word' id='word_1_189' title='bbox 435 4135 482 4222; x_wconf 92' lang='lat' dir='ltr'>in</span> <span class='ocrx_word' id='word_1_190' title='bbox 502 4131 804 4252; x_wconf 85' lang='lat' dir='ltr'>Mugellanum</span> <span class='ocrx_word' id='word_1_191' title='bbox 826 4165 1004 4256; x_wconf 86' lang='lat' dir='ltr'>agrum,</span> <span class='ocrx_word' id='word_1_192' title='bbox 1021 4140 1097 4255; x_wconf 92' lang='lat' dir='ltr'>qui</span> <span class='ocrx_word' id='word_1_193' title='bbox 1114 4139 1192 4228; x_wconf 92' lang='lat' dir='ltr'>ubi</span> <span class='ocrx_word' id='word_1_194' title='bbox 1208 4139 1233 4227; x_wconf 89' lang='lat' dir='ltr'>a</span> <span class='ocrx_word' id='word_1_195' title='bbox 1249 4131 1508 4236; x_wconf 88' lang='lat' dir='ltr'>Laurentio,</span> <span class='ocrx_word' id='word_1_196' title='bbox 1526 4153 1639 4244; x_wconf 62' lang='lat' dir='ltr'>quoa</span> 
     </span>
     <span class='ocr_line' id='line_1_28' title="bbox 278 4256 1636 4390; baseline -0.004 -24"><span class='ocrx_word' id='word_1_197' title='bbox 278 4299 385 4366; x_wconf 90' lang='lat' dir='ltr'>cum</span> <span class='ocrx_word' id='word_1_198' title='bbox 411 4299 502 4368; x_wconf 86' lang='lat' dir='ltr'>erat</span> <span class='ocrx_word' id='word_1_199' title='bbox 521 4281 721 4372; x_wconf 88' lang='lat' dir='ltr'>maximis</span> <span class='ocrx_word' id='word_1_200' title='bbox 740 4256 956 4374; x_wconf 84' lang='lat' dir='ltr'>amicitiae</span> <span class='ocrx_word' id='word_1_201' title='bbox 986 4279 1175 4370; x_wconf 87' lang='lat' dir='ltr'>vinculis</span> <span class='ocrx_word' id='word_1_202' title='bbox 1196 4274 1476 4390; x_wconf 71' lang='lat' dir='ltr'>conjuntbts,</span> <span class='ocrx_word' id='word_1_203' title='bbox 1508 4267 1636 4362; x_wconf 56' lang='lat' dir='ltr'>audis</span> 
     </span>
     <span class='ocr_line' id='line_1_29' title="bbox 277 4409 1637 4544; baseline 0.004 -38"><span class='ocrx_word' id='word_1_204' title='bbox 277 4417 348 4512; x_wconf 86' lang='lat' dir='ltr'>rit</span> <span class='ocrx_word' id='word_1_205' title='bbox 364 4413 546 4538; x_wconf 79' lang='lat' dir='ltr'>salutem</span> <span class='ocrx_word' id='word_1_206' title='bbox 574 4413 791 4518; x_wconf 88' lang='lat' dir='ltr'>sociorum</span> <span class='ocrx_word' id='word_1_207' title='bbox 818 4417 1051 4514; x_wconf 86' lang='lat' dir='ltr'>sommum·</span> <span class='ocrx_word' id='word_1_208' title='bbox 1068 4423 1126 4516; x_wconf 85' lang='lat' dir='ltr'>in·</span> <span class='ocrx_word' id='word_1_209' title='bbox 1142 4418 1385 4544; x_wconf 86' lang='lat' dir='ltr'>periculum</span> <span class='ocrx_word' id='word_1_210' title='bbox 1412 4443 1462 4514; x_wconf 87' lang='lat' dir='ltr'>ac</span> <span class='ocrx_word' id='word_1_211' title='bbox 1479 4409 1637 4512; x_wconf 67' lang='lat' dir='ltr'>utera</span> 
     </span>
    </p>
   </div>
   <div class='ocr_carea' id='block_1_4' title="bbox 1040 4827 1202 4888">
    <p class='ocr_par' dir='ltr' id='par_1_5' title="bbox 1040 4827 1202 4888">
     <span class='ocr_line' id='line_1_30' title="bbox 1040 4827 1202 4888; baseline 0 0"><span class='ocrx_word' id='word_1_212' title='bbox 1040 4827 1202 4888; x_wconf 65' lang='lat' dir='ltr'>es</span> 
     </span>
    </p>
   </div>
   <div class='ocr_carea' id='block_1_5' title="bbox 0 0 2240 5858">
    <p class='ocr_par' dir='ltr' id='par_1_6' title="bbox 0 0 2240 5858">
     <span class='ocr_line' id='line_1_31' title="bbox 0 0 2240 5858; baseline 0 11"><span class='ocrx_word' id='word_1_213' title='bbox 0 0 2240 5858; x_wconf 95' lang='lat' dir='ltr'> </span> 
     </span>
    </p>
   </div>
   <div class='ocr_carea' id='block_1_6' title="bbox 2229 2902 2242 4030">
    <p class='ocr_par' dir='ltr' id='par_1_7' title="bbox 2229 2902 2242 4030">
     <span class='ocr_line' id='line_1_32' title="bbox 2229 2902 2242 4030; baseline 0 0"><span class='ocrx_word' id='word_1_214' title='bbox 2229 2902 2242 4030; x_wconf 95' lang='lat' dir='ltr'> </span> 
     </span>
    </p>
   </div>
  </div>
 </body>
</html>
