4474 5858
557 467 1028 561 ulaouiaiui
1090 465 1303 558 Vtra
1492 479 1580 580 ‚169

306 681 551 787 adumbrata
588 685 659 774 sed
683 683 903 803 *exprella,
934 703 1037 801 quae
1068 683 1140 774 ille
1181 683 1309 772 dabat
1340 680 1479 802 signa,
1512 689 1645 776 maxi-

310 855 478 916 marum
510 832 756 935 virtutum,
791 857 894 944 quae
930 854 980 916 ut
1013 855 1234 915 unacum
1270 849 1405 916 aetate
1434 821 1644 916 adolesce-

303 993 437 1076 rent,
458 985 725 1092 ,magnopere
754 969 916 1062 studuit
944 970 1219 1058 Laurentius.
1252 967 1309 1058 Et
1340 971 1538 1086 quamvis
1566 965 1643 1058 do·

303 1117 370 1204 ani
401 1115 631 1207 abundaret
655 1111 1353 1230 excellentibus.praeceptoribus,
1376 1111 1568 1236 exigebat
1586 1135 1646 1200 ta-

303 1287 408 1358 ¹rnen
437 1288 476 1358 a,
491 1257 643 1364 Petro,
661 1283 713 1348 ut
740 1259 855 1346 idem
885 1263 926 1348 bt
955 1254 1195 1372 discipulus·
1219 1252 1318 1346 ellet
1349 1261 1389 1344 dc
1421 1249 1645 1375 magister,

312 1400 575 1516 erudiretque
605 1395 779 1492 fratrem
820 1403 866 1488 in
912 1398 1062 1486 Latina
1104 1399 1249 1515 lingua
1266 1447 1284 1504 ,·
1310 1423 1436 1518 atque
1482 1397 1646 1486 mutuis

308 1544 682 1638 exercitationibus
713 1539 754 1630 se
783 1537 823 1630 se
853 1541 907 1629 ad
938 1539 1186 1632 industriam
1217 1546 1451 1638 excitarent
1492 1539 1646 1656 (ιω.

306 1687 437 1800 Quod
469 1687 648 1776 minime
679 1685 899 1776 dubitabat
929 1685 1209 1791 Laurentius,
1229 1688 1334 1802 quin
1357 1685 1542 1794 Joannes
1572 1711 1644 1776 ex·

303 1831 610 1947 licitationem,
640 1855 768 1944 quam
800 1823 863 1916 sui
885 1857 908 1916 a
930 1829 1068 1945 prima
1084 1849 1219 1918 aetate
1249 1831 1509 1938 concitarat,
1529 1825 1648 1916 adul-

306 1993 378 2062 tus
396 1967 612 2062 sustineret
629 1991 923 2085 mereturque,
942 1967 1066 2062 facile
1095 1999 1120 2060 a
1146 1969 1375 2082 ¹Ludovico
1392 1965 1465 2060 Xl.
1486 1968 1648 2060 Gallia·

304 2141 402 2206 rum
433 2115 560 2231 Rege,
580 2143 661 2231 pro
691 2113 851 2232 gratia,
881 2141 964 2232 qua
994 2109 1105 2230 apud
1141 2110 1267 2200 illum
1302 2111 1543 2228 plurimum
1573 2103 1661 2203 vass

304 2253 441 2363 lebat,
471 2256 687 2362 obtinuit,
718 2281 769 2345 ut
797 2255 871 2346 ille
901 2249 1154 2370 ampliffimo
1185 2250 1422 2344 sacerdotio
1453 2255 1471 2368 (
1503 2255 1646 2346 Abba-

305 2397 412 2488 tiam
444 2395 594 2500 Fontis
622 2395 762 2486 dulcis
779 2393 1081 2513 appellabant)
1112 2423 1360 2515 augeretur-3
1385 2427 1490 2486 cum
1521 2421 1645 2488 antea

310 2563 479 2652 quoque
511 2537 784 2633 vehementer
825 2535 997 2655 egillet,
1040 2561 1090 2626 ut
1135 2539 1360 2653 Aquarum
1403 2542 1649 2652 Sextiarum

308 2677 667 2800 Archiepilcopus
697 2681 909 2770 diceretur
939 2679 1095 2794 (173).
1129 2679 1348 2772 Nondum
1380 2707 1473 2773 tum
1505 2684 1662 2798 exple-s

235 2934 242 2947 ι
308 2825 427 2910 verat
456 2823 659 2920 obierum
699 2823 845 2914 aetatis
874 2848 1070 2925 annum,
1102 2820 1219 2934 quod
1251 2823 1426 2937 quidem
1459 2821 1645 2913 declarat

306 2958 547 3080 perversam
577 2961 765 3052 illorum·
789 2985 1034 3078 temporum
1071 2957 1427 3052 consuetudinem
1463 2967 1645 3054 metien-

305 3103 356 3194 di
386 3099 595 3196 Ecclesiae
621 3127 796 3192 munera
824 3130 913 3192 non
944 3099 1072 3216 hujus
1100 3105 1310 3210 utilitate,
1330 3101 1398 3192 led
1428 3109 1645 3220 potentio-

309 3273 410 3336 rum
438 3253 479 3336 &
514 3243 811 3366 gratiofiorum
840 3239 1144 3334 emolumentis
1175 3251 1215 3334 &
1248 3250 1517 3340 commodis.
1552 3251 1646 3344 Ne-

305 3415 394 3504 que
436 3389 577 3490 minus
607 3387 718 3486 ,bene
759 3386 805 3474 in
856 3383 1090 3492 Joanuem
1113 3387 1328 3477 animatus
1370 3395 1649 3486 Innocentius

310 3527 543 3636 Pontifex,
578 3530 653 3645 qui
683 3553 904 3640 nunquam
939 3523 981 3616 se
1016 3515 1467 3624 non'velificaturum
1507 3522 1673 3643 Medi?

312 3685 493 3760 c'eorum
519 3669 680 3768 honori
723 3664 839 3786 saepe
867 3667 1142 3778 declarabat,
1177 3669 1318 3786 ipsum
1355 3683 1651 3797 quinquennio

312 3807 404 3932 poll
441 3815 488 3902 in
527 3807 824 3910 Cardinalium
858 3838 1092 3903 numerum
1131 3812 1235 3932 legit
1271 3817 1458 3934 (174)··
1483 3821 1650 3914 Verens
1759 3871 1761 3876 .

314 3981 458 4044 tamen
493 3947 828 4068 reprehensiones
846 4011 853 4036 ‹
870 3949 1127 4062 hominum,
1164 3959 1282 4074 quod
1324 3963 1371 4048 in
1402 3961 1649 4078 amplilfima

164 4205 171 4218 ν
223 4099 227 4106 ’
315 4093 524 4211 dignitate
562 4119 743 4206 puerum
775 4085 973 4196 locallet,
1004 4097 1145 4184 vetuit
1174 4099 1227 4186 ab
1258 4101 1337 4190 illo
1368 4102 1552 4212 ejusdem
1582 4109 1649 4192 in-

315 4232 445 4351 signia
475 4231 552 4322 nisi
577 4229 678 4349 ,post
713 4235 947 4328 triennium
979 4229 1162 4349 suscipi,
1193 4229 1311 4348 seque
1332 4267 1485 4357 cupere
1512 4245 1647 4346 decla-

316 4378 451 4486 rarit,
469 4399 520 4468 ut
548 4367 932 4482 intercucursum,
958 4399 1085 4492 quem
1112 4375 1388 4476 inchoaverat
1409 4379 1667 4490 studiorum
