4472 5858
442 487 1322 608 ..„M·t01n11·1.ct·-vrr·r
1464 501 1548 602 rt?

268 711 454 806 confinis
475 709 856 831 perpenderentur.
887 703 950 805 Ea
977 737 1151 836 propter
1181 713 1313 807 libera
1344 713 1490 836 lingna
1517 705 1611 833 qui-⁸

154 895 160 904 ·
270 859 374 948 libet
397 858 465 948 uti
494 879 686 978 poterat,
714 853 961 976 priusquam
990 861 1159 952 decreta
1189 856 1370 970 fierent,
1411 855 1478 949 his
1507 853 1617 946 vero

270 1001 393 1109 latis,
426 1001 620 1094 criminis
646 1000 751 1093 loco
781 1002 1012 1096 habebatur
1040 1017 1192 1094 contm
1232 1001 1398 1095 dicere.
1429 999 1500 1092 Ex
1531 995 1620 1090 hoc

169 1237 177 1253 x
271 1145 463 1238 concilio
492 1141 612 1238 sexto
640 1175 813 1265 qnoque
841 1144 984 1239 mense
1015 1147 1216 1240 Odoriri
1244 1149 1521 1271 legebantur,
1540 1137 1619 1259 qul

273 1289 365 1384 ouo
393 1287 600 1382 eraclitae
628 1291 827 1410 appellati
858 1289 988 1404 sunt,
1018 1289 1251 1412 quibusque
1296 1315 1443 1382 rerum
1483 1309 1620 1379 exter·

272 1458 449 1542 narum,
480 1461 585 1549 quae
611 1433 669 1522 ad
692 1435 1025 1556 Rempublicam
1053 1438 1349 1557 pertinebant,
1379 1459 1482 1524 cura
1501 1457 1622 1520 com·

274 1572 392 1666 miss'a
422 1601 540 1686 crat,
572 1607 653 1670 nec
695 1607 786 1670 non
830 1581 1207 1692 Duodeeemviri,
1249 1605 1355 1698 quos
1396 1567 1624 1668 Communia

272 1723 567 1812 Procuratores
593 1723 900 1837 nominavere,
932 1729 1031 1845 quia
1061 1755 1215 1819 eorum
1240 1749 1399 1816 munus
1436 1714 1516 1812 effe
1552 1713 1625 1808 de*

270 1864 397 1956 bobat
424 1891 490 1953 res
519 1863 698 1954 urbanas
726 1892 982 1981 procurare.
1001 1869 1138 1981 Qod
1163 1871 1283 1962 nervi
1321 1861 1489 1985 imperii
1523 1853 1626 1947 sunt

273 2008 455 2123 pecunia
484 2012 526 2098 dc
555 2003 662 2098 fides
693 1998 891 2124 publica,
912 2013 1044 2102 etiam
1073 2037 1200 2129 atque
1222 2011 1355 2102 etiam
1377 2003 1489 2098 vidit·
1513 1999 1626 2090 Lau·

274 2151 438 2242 tentius
477 2150 702 2266 quomodo
746 2147 936 2242 satisfieri
978 2155 1031 2242 iis
1054 2147 1236 2271 pollet,
1279 2151 1357 2270 qui
1399 2153 1627 2268 argentum

276 2315 481 2422 mutuum
513 2292 744 2403 dederant,
781 2299 822 2382 δι
846 2321 940 2410 qna
970 2297 1136 2386 ratione
1177 2291 1408 2385 Provincia
1449 2285 1628 2406 sumpti·

277 2435 425 2526 bus&
468 2433 634 2550 jacturis
676 2435 873 2530 exhausta
903 2437 1130 2560 pristinum
1166 2439 1298 2528 robur
1337 2453 1627 2553 recuperaret.

187 2681 191 2688 ,
278 2575 471 2668 Nullum
501 2579 619 2670 enim
654 2583 701 2670 in
744 2583 864 2674 ltalia
894 2609 983 2674 erat
1009 2587 1273 2702 imperium,
1300 2579 1418 2702 quod
1461 2573 1631 2665 divitiis

280 2720 540 2816 contendere
569 2755 673 2816 cum
722 2723 982 2817 Florentinis
1023 2723 1187 2846 pollet,
1224 2727 1300 2844 qui
1343 2723 1502 2838 ubique
1543 2711 1631 2804 fere

280 2871 477 2984 gentium
503 2863 806 2984 ,pollelstonem
838 2871 1048 2986 negocia,
1090 2895 1155 2962 tes
1199 2869 1460 2988 pecuniarias
1504 2854 1630 2950 habe·¹

281 3009 408 3117 bant,
427 3005 557 3127 usque
580 3039 634 3102 eo
655 3036 706 3101 ut
723 3013 971 3105 vacillantes
990 3013 1209 3104 interdum
1236 3012 1409 3130 Regum
1440 3001 1632 3098 fortunas

282 3148 481 3246 sustinete
510 3153 731 3270 potuerint
765 3153 915 3268 (116).
956 3155 1005 3245 ld
1036 3183 1182 3247 autem
1212 3185 1267 3246 eo
1312 3149 1536 3243 difficilius
1566 3139 1631 3228 vi·

283 3290 486 3401 debatur,
515 3293 632 3412 quod
665 3294 852 3388 dandam
895 3297 973 3390 fibi
1003 3311 1179 3418 operam
1219 3295 1476 3390 Laurentius
1507 3303 1629 3410 puta·

284 3435 374 3543 vit,
394 3452 449 3526 n'e
476 3465 589 3526 nova
615 3437 776 3530 tributa
798 3441 1148 3559 imponerentur:
1178 3433 1486 3535 obsurdescunt
1515 3431 1632 3523 enim

285 3576 423 3693 magis
454 3577 650 3694 quotidie
674 3581 781 3672 boni
816 3584 901 3672 viri
923 3583 976 3672 ad
1005 3605 1164 3672 vocem
1195 3583 1380 3693 tributi,
1411 3579 1515 3672 mali
1532 3598 1632 3693 que·

287 3717 471 3810 telarum
515 3727 557 3814 δι
596 3748 803 3816 motuum
832 3728 879 3818 in
911 3726 964 3816 iis
1010 3720 1192 3814 caullam
1234 3726 1486 3831 inveniunt,
1511 3727 1634 3840 'prde-

288 3847 433 3954 sertim
465 3863 494 3954 st
529 3867 644 3984 pacis
674 3891 869 3984 tempore
899 3867 972 3958 illa
1002 3873 1302 3988 imperentur.
1335 3865 1523 3957 Curavit
1552 3858 1634 3948 stu*

288 4001 512 4096 diosrffime
534 4033 586 4098 ut
613 4011 733 4127 plebd
752 4007 922 4102 habetet
955 4015 1127 4132 negotia
1157 4007 1259 4120 sua,
1288 4008 1454 4127 quibus·
1471 4006 1524 4093 ab
1545 4029 1633 4090 ma·

290 4145 340 4240 lo
364 4147 543 4265 publico
572 4148 860 4262 detineretur,
890 4153 1124 4274 multisque
1156 4153 1217 4240 ¹ad
1259 4172 1541 4240 mercaturam
1573 4137 1633 4228 fa-

249 4374 252 4382 .
291 4289 490 4380 ciendam
519 4286 605 4380 stne
634 4289 810 4386 foenore
840 4299 1046 4413 pecuniae
1075 4293 1253 4384 subsrdia
1294 4291 1447 4380 dedit.
1495 4277 1633 4396 Qud

294 4432 364 4522 vel
396 4431 471 4548 ipsi
502 4431 666 4522 nobiles
696 4435 781 4526 viri
797 4433 930 4526 ‚illam
960 4463 1163 4553 magnam
1192 4425 1493 4552 &copiosam
1524 4447 1633 4520 mer·

1062 4573 1097 4666 P
1130 4607 1152 4664 a
