4492 5860
603 429 708 544 {36
825 393 1734 528 L1211'Tu.n·'tt'r“n².1'·'1·Mania-ts
1870 455 1921 476 ··

585 648 713 740 stibus
751 643 946 748 indutir
989 643 1143 768 magna
1191 651 1279 743 et'at
1324 621 1450 772 copia
1492 645 1768 758 aulicorum,
1803 647 1915 764 quos

582 791 793 916 ornabant
842 786 972 884 serica
1015 795 1269 887 indumenta
1323 823 1425 886 acu.
1459 795 1603 913 pislar
1651 791 1795 914 ipsa
1797 765 1923 892 turba

564 901 950 1032 cubiculariorum
998 935 1177 1048 vestita,
1213 966 1393 1048 aurata,
1439 941 1587 1030 ottiata
1634 963 1685 1062 ιιι
1732 933 1923 1024 concio·

584 1078 1041 1210 ne,utma'gnis1ce,
1072 1107 1124 1171 ut
1167 1087 1300 1173 nove!
1335 1083 1422 1175 Vel
1470 1079 1580 1201 ipsos
1624 1101 1814 1200 coquos,
1860 1074 1919 1164 le·

583 1191 829 1342 slicarios,
843 1227 1080 1334 tubicines,
1111 1227 1403 1344 reliquamque
1442 1221 1652 1316 familiam
1678 1253 1703 1313 a
1711 1220 1919 1314 nobilio·

581 1367 698 1458 tibus
728 1363 938 1487 sumpfilse
972 1363 1220 1464 ornamenta
1270 1367 1464 1461 dixisses.
1506 1367 1739 1487 lnfignibus
1769 1361 1919 1454 inside-
2043 1349 2048 1358 ’

583 1507 685 1602 bant
723 1517 840 1630 equis
868 1518 991 1634 pueri
1023 1513 1190 1626 sorana,
1214 1513 1439 1625 uestibus,
1472 1511 1635 1642 frenis,
1680 1507 1919 1630 ephippiis,

581 1654 850 1765 monilibus,
886 1657 1067 1782 phaleris
1095 1658 1433 1788 praefulgentes,
1463 1666 1504 1749 δι
1535 1657 1645 1750 nihil
1673 1686 1697 1745 a
1735 1649 1919 1742 ducibus

577 1796 730 1888 babitu
760 1795 1004 1924 differebant
1033 1805 1193 1897 milites
1213 1809 1411 1924 corporis
1439 1801 1653 1896 custodes.
1682 1799 1792 1890 Suus
1810 1821 1920 1909 quo·

581 1941 665 2058 qu'e
708 1970 797 2034 erat
828 1939 1061 2040 comitatus
1099 1947 1242 2041 Bonae
1271 1949 1421 2056 uxori,
1451 1941 1672 2036 insttusius
1716 1925 1918 2032 omnibus

583 2085 635 2170 iis
671 2087 817 2194 rebus,
855 2117 961 2204 quae
1001 2091 1331 2182 admirationem
1373 2085 1624 2186 efficerent;
1655 2092 1696 2174 uc
1727 2111 1817 2174 non
1847 2075 1938 2212 sos

582 2223 676 2310 lum
706 2224 797 2317 duo
826 2229 963 2319 millia
993 2235 1323 2326 numerabantur
1351 2261 1588 2350 equorum,
1609 2225 1677 2318 sed
1699 2223 1820 2315 mille
1850 2249 1920 2311 ca·

519 2367 522 2377 '
566 2368 699 2475 nes,
719 2376 760 2458 δι
792 2342 981 2464 totidem
1009 2373 1094 2468 fere
1135 2381 1393 2495 accipitres,
1425 2377 1633 2502 argenteis
1674 2353 1921 2476 sonantibus

582 2507 745 2626 pedicis
783 2515 916 2638 vinsli
954 2547 1056 2608 cum
1092 2519 1291 2643 pileolis,
1324 2551 1511 2640 quorum
1555 2525 1708 2646 apices
1725 2541 1919 2637 gemmae
2000 2501 2003 2508 ’

581 2657 883 2750 adornabant.
923 2689 1024 2749 nam
1072 2665 1302 2753 venatione
1345 2669 1385 2753 &
1427 2666 1653 2792 aucupio
1660 2664 1822 2750 mirum
1864 2659 1913 2744 in

582 2803 766 2892 modum
799 2799 1021 2894 Galeatius
1056 2777 1363 2916 delectabatur.
1390 2805 1674 2924 Ingredienti
1687 2803 1913 2894 civitatem

571 2945 727 3038 nullus
760 2973 850 3034 non
886 2945 1026 3036 honos
1055 2945 1224 3052 habitus
1252 2942 1334 3056 est,
1371 2977 1451 3039 nec
1482 2971 1594 3039 aetas
1631 2967 1916 3110 quemquam,

569 3118 661 3178 ,nec
696 3089 925 3216 valetudo,
956 3123 1035 3184 nec
1063 3089 1184 3186 sexus
1214 3088 1469 3201 retardavit,
1499 3089 1732 3218 quominus
1760 3080 1913 3174 oculos

581 3225 756 3348 insolito
784 3207 1021 3364 spestaculo
1051 3209 1272 3366 impleret.
1306 3237 1500 3328 Divertit
1527 3233 1581 3323 ad
1608 3227 1914 3328 Laurentium,

580 3403 725 3492 aquo
755 3405 835 3490 pro
870 3373 942 3466 sua
974 3377 1181 3498 dignitate
1220 3389 1261 3470 &
1302 3380 1438 3467 veteri
1472 3337 1667 3490 hospitio
1711 3389 1914 3522 exceptus

582 3509 640 3607 esi
670 3515 900 3633 magnifice
936 3523 977 3608 &
1012 3526 1218 3644 comiter.
1250 3522 1374 3610 Tum
1403 3515 1579 3632 quidem
1613 3509 1804 3648 primum
1847 3503 1912 3591 vi·

570 3653 683 3763 wdere
711 3661 839 3754 licuit
862 3663 1065 3784 exposcas
1096 3637 1398 3757 Mediceorum
1429 3655 1596 3774 copias,
1616 3679 1721 3770 quae
1753 3648 1915 3767 regiam

582 3803 848 3921 opulentiam
883 3808 1140 3926 aequabant,
1186 3834 1385 3923 magnam
1418 3799 1567 3890 caelati
1601 3795 1764 3915 argenti
1793 3794 1910 3895 vim,

579 3964 716 4070 omne
747 3977 1017 4088 gemmatum
1051 3975 1214 4067 genus,
1243 3941 1339 4036 vasa
1389 3919 1615 4061 magnifica
1649 3943 1691 4029 rc
1727 3925 1933 4066 pretiose¹

581 4061 821 4204 elaborata,
864 4079 1185 4245 peristromata,
1229 4085 1516 4192 numismata,
1550 4080 1712 4175 tabulas
1751 4067 1933 4196 pietat,

582 4211 694 4352 signa
725 4268 776 4326 ex
806 4269 899 4331 aete
906 4245 970 4330 ’ἃ
999 4227 1232 4366 marmore
1243 4225 1690 4351 antiqna,1smulacra
1717 4213 1912 4312 Deorum

582 4375 893 4500 hominumque
913 4385 1047 4476 omni
1077 4409 1229 4502 genere
1258 4384 1300 4473 δι
1329 4357 1527 4470 nuceriae
1556 4379 1597 4464 δι
1625 4367 1784 4462 artium
1809 4356 1911 4454 inus
