4474 5858
546 503 1016 635 atlantiaci
1073 545 1289 674 Vara
1479 573 1566 658 2¹7

293 763 353 854 est
394 764 591 858 habenda¹
626 763 866 858 fabularum
896 763 1104 856 narratori
1136 759 1314 877 (223),
1347 765 1630 885 petulantiam

290 912 554 1028 coarguit&
582 911 811 1018 emendare
837 907 1023 1002 studuit.
1053 906 1255 998 Omnino
1273 909 1372 1002 ralis
1399 929 1490 996 erat
1515 903 1630 994 Lau·

288 1054 476 1168 sentius,
505 1078 559 1144 ut
587 1051 747 1144 nescias
777 1057 1002 1151 nnumin
1027 1081 1084 1144 eo
1116 1053 1255 1168 magia
1281 1049 1516 1143 laudaveris
1554 1045 1630 1138 vel

287 1197 336 1284 io
374 1194 557 1291 emfilio
589 1195 801 1316 ¹capiendo
835 1193 1114 1316 gerendisque
1148 1197 1277 1291 rebus
1315 1195 1501 1319 publicis
1525 1217 1630 1311 pru·

144 1361 147 1369 ‘
287 1339 479 1436 dentiam
506 1366 637 1461 atque
664 1337 975 1450 constantiam,
1005 1342 1075 1432 uel
1112 1343 1165 1438 in
1189 1341 1316 1434 omni
1356 1341 1470 1428 vitae
1495 1334 1629 1428 attio·

288 1511 344 1572 ne
377 1484 640 1610 dignitatem
668 1511 799 1610 atque
825 1481 1129 1604 splendorem,
1156 1513 1221 1575 an
1243 1479 1291 1576 in
1329 1477 1631 1600 congressioni·

290 1627 370 1716 bus
396 1629 711 1728 humanitatem
739 1654 870 1746 atque
899 1629 1211 1727 urbanitatem.
1232 1629 1358 1741 Quos
1380 1654 1523 1723 mores
1541 1653 1630 1716 ma·

288 1771 406 1860 xime
437 1771 688 1874 eonducere
713 1776 886 1891 putavit
913 1771 971 1864 ad
996 1773 1080 1864 tria
1117 1771 1378 1883 obtinenda,
1408 1797 1518 1887 quae
1552 1763 1629 1856 fibi

283 1915 336 2002 in
363 1916 517 2032 primis
542 1911 802 2042 proposuisse
828 1917 1021 2024 dicebat,
1046 1910 1207 2042 patriae
1244 1913 1400 2020 decus,
1441 1909 1630 2002 familiae

285 2057 643 2175 amplitudinem,
672 2066 990 2159 incrementum
1016 2053 1178 2154 artium
1205 2060 1499 2179 optimamm.
1532 2051 1629 2144 Un-

285 2198 341 2289 de
370 2199 435 2290 ad.
453 2201 823 2307 laudandum'etsr
852 2215 1009 2324 magala
1037 2203 1162 2320 copia
1185 2226 1540 2320 argumentorum
1554 2197 1629 2288 de—

287 2340 430 2463 promi
468 2343 626 2468 possut,
667 2344 933 2468 suspicienda
972 2372 1121 2446 tamen
1163 2350 1350 2442 maxime
1393 2371 1626 2470 putamus,

285 2516 395 2604 quae
435 2518 517 2612 pro
547 2491 730 2610 oprimis
755 2489 994 2614 disciplinis
1024 2489 1111 2621 ipse
1136 2487 1284 2610 gellit,
1313 2488 1434 2608 quod
1471 2513 1630 2578 eorum

284 2631 451 2725 utilitas
479 2631 534 2724 ad
556 2661 639 2730 nos
654 2631 787 2760 ¹sasque
807 2634 1117 2735 dimanaret-it.
1133 2635 1289 2726 Nemo
1306 2637 1477 2754 'ignorat
1492 2657 1626 2750 quaa·

282 2795 332 2860 to
364 2775 409 2861 in
436 2749 630 2900 squalore
650 2772 926 2902 sordibusque
946 2778 1026 2872 diu
1046 2775 1229 2891 jacuerit
1256 2767 1625 2868 ‚Scholasticorum

285 2941 413 3028 opera
433 2913 746 3015 laudandarum
760 2920 964 3018 omnium
981 2916 1141 3007 artium
1164 2914 1427 3032 procreatrix
1451 2919 1495 3002 or
1513 2905 1628 3028 quali

131 3051 143 3074 '
282 3081 436 3180 parens
463 3053 735 3182 philosophia
749 3129 762 3159 ,.
791 3059 885 3171 Qui
912 3057 1025 3152 hane
1067 3055 1378 3176 profitebantur
1415 3055 1473 3148 ad
1514 3049 1629 3144 sum·

285 3226 405 3288 mam
445 3199 760 3317 impudentiam
795 3197 1042 3320 ‚ineptissrmi
1069 3199 1270 3291 'homines
1296 3200 1527 3298 ineruditis
1554 3197 1627 3288 ab·

248 3449 251 3455 ,
284 3336 502 3467 surdisque
525 3339 836 3460 quaestionibus
857 3373 952 3438 eam
974 3345 1375 3440 contaminaverant
1391 3380 1402 3452 ;
1419 3351 1460 3436 δι
1476 3369 1627 3460 quam·

283 3483 351 3570 vis
381 3479 498 3600 saepe
526 3488 575 3583 in
602 3513 680 3580 ore
707 3486 911 3586 habetem
934 3485 1171 3577 veneranda
1198 3473 1393 3580 Platonis
1420 3515 1473 3576 ac
1505 3502 1625 3604 prae*

284 3617 432 3718 ¹sertim
460 3623 703 3724 ‚Aristotelia
742 3631 952 3736 nomina,
981 3653 1219 3749 eorumque
1244 3625 1503 3724 testimoniis
1530 3653 1626 3716 ute·

280 3789 459 3878 rentur,
487 3797 708 3888 nunqnam
739 3795 886 3868 tamen
918 3769 987 3866 vel
1014 3799 1042 3863 a
1077 3769 1228 3866 limine
1256 3771 1536 3871 salutaverant
1576 3765 1627 3854 il·

281 3905 429 3998 lorum
457 3905 635 4032 scripta,
660 3917 704 4000 dt
733 3907 1039 4020 Eupatorem,
1063 3917 1137 4032 qui
1169 3913 1274 4007 haec
1305 3931 1626 4039 perverterant,

283 4051 455 4168 ineptiis
488 4039 718 4164 contenti,
757 4052 813 4142 ad
852 4081 1030 4148 omnem
1067 4051 1315 4178 sapientiam
1352 4053 1470 4141 caeci
1511 4047 1627 4136 vide·

284 4193 459 4288 bantur,
496 4190 558 4278 Ea
596 4215 769 4306 propter
805 4190 1089 4301 Laurentius,
1131 4195 1287 4285 Cosmi
1329 4198 1404 4281 avi
1440 4192 1625 4312 gloriam

283 4331 366 4432 hac
397 4334 444 4424 iu
462 4359 508 4426 te
523 4359 628 4426 rum
659 4327 733 4424 sua
751 4329 880 4425 laude
905 4335 1265 4444 ¹communicans,
1289 4329 1457 4444 effecit,
1476 4357 1526 4424 ut
1548 4361 1625 4442 no·¹

285 4497 329 4570 ta
370 4469 502 4570 essent
540 4470 742 4569 omnibus
785 4499 910 4576 aeret
949 4475 1203 4571 eorumdem
1243 4478 1498 4585 volumina,
1528 4503 1617 4564 non

1122 4615 1163 4708 E
1192 4647 1216 4710 e
