4492 5860
497 495 1095 676 wMtte·ttt'1'ru'‘··rcr
1105 503 1350 603 'Vtra
1541 469 1623 628 29)¹

306 751 406 824 tem
448 721 559 850 poll
577 723 802 822 homines
799 745 934 822 natos
965 727 1145 824 extitisse
1179 699 1353 850 putem,
1384 755 1466 848 qua
1493 756 1571 821 aut
1603 723 1665 818 fa·

284 873 467 988 {cilius
464 902 596 992 atque
631 877 859 968 ardentius
877 877 1093 994 Principes
1132 870 1405 993 susciperent
1419 873 1557 981 bella,
1589 879 1664 964 aut

315 1015 561 1139 flagitiosius
589 1013 774 1136 suscepta
805 1043 1019 1139 gererent,
1038 1041 1113 1108 aut
1130 1021 1322 1137 turpius,
1340 1013 1480 1109 five
1452 1045 1503 1108 ιιι
1522 1044 1666 1138 geren

231 1223 234 1228 -
312 1161 383 1252 :dis
416 1157 621 1268 secunda,
652 1159 735 1250 srve
764 1157 932 1266 adversa
964 1161 1207 1272 evenirent,
1226 1158 1582 1252 administrarent:
1614 1155 1682 1245 ll·.

314 1303 462 1396 lorum
491 1305 760 1423 Regulorum
784 1331 923 1413 unus,
949 1308 1025 1422 qui
1044 1299 1669 1422 Ariminenfibus‘imperabat,

295 1445 591 1544 &Gismuudus
618 1445 834 1538 Malatesta
863 1447 999 1540 homo
1031 1443 1332 1567 impurissimus
1350 1441 1668 1565 atque-scelera·

319 1593 395 1696 tus
422 1601 463 1682 a
480 1589 553 1680 ad
583 1597 713 1680 omne
743 1585 908 1680 facinus
938 1615 1093 1698 natur,
1130 1590 1195 1685 his
1230 1585 1363 1682 serme
1412 1589 1674 1710 temporibus

313 1737 533 1855 moritur.
561 1733 683 1822 Cum
722 1731 837 1823 haud
878 1735 990 1826 ullos
1019 1731 1255 1853 suscepisset
1290 1764 1341 1824 ex
1371 1733 1538 1840 tribus,
1569 1757 1698 1848 quas·

319 1873 599 1968 crudelislrme
624 1902 858 1984 necaverat,
880 1861 1283 1983 uxoribus'liberos,
1306 1870 1496 1964 succeffit
1512 1878 1559 1962 in
1584 1871 1673 1988 ejus

320 2006 471 2106 locum
501 2019 717 2136 Rupertus
747 2051 798 2110 ex
828 2018 1071 2109 concubina
1115 2017 1284 2133 genitus
1307 2045 1327 2104 .·
1350 2013 1444 2104 Hic'
1480 2013 1676 2106 diffidens

321 2160 446 2248 rebus
491 2156 605 2266 suis,
635 2159 752 2276 quod
783 2159 953 2250 Paullus
985 2149 1185 2248 Pontifex
1231 2158 1384 2274 quovis
1433 2157 1566 2246 morlo
1589 2157 1673 2280 jus

322 2303 544 2392 Romanae
573 2297 783 2392 Ecclesiae
813 2298 933 2416 (23),
962 2327 1100 2419 aqua·
1122 2285 1362 2390 Malarestae
1393 2297 1679 2390 ditionem-il·

319 2447 410 2534 lam
445 2469 717 2561 acceperant,
760 2439 801 2532 se
834 2438 876 2533 se
915 2467 1263 2562 recuperaturum
1302 2438 1573 2550 ostendebat,
1616 2437 1674 2540 ad

321 2587 670 2678 Florentino'rum
695 2615 823 2703 opem
851 2581 1072 2703 confugit.
1103 2583 1212 2676 Non
1234 2581 1516 2678 cll-credibile
1545 2607 1676 2701 quan·

174 2743 186 2766 ⁸
321 2751 411 2818 tam
440 2726 486 2817 id
515 2731 754 2820 conciverit
782 2732 889 2820 iram
924 2731 970 2820 in
999 2725 1242 2836 Pontifice,
1265 2729 1340 2846 qui
1365 2719 1706 2854 contumeliosa

320 2871 459 2960 multa'
493 2873 563 2964 vel
596 2876 644 2962 in
680 2869 771 2992 ipso
811 2871 1110 2964 Cardmalium
1146 2871 1339 2963 concilio
1372 2875 1420 2962 in
1455 2867 1675 2961 Mediceos

321 3014 468 3107 fratres
495 3015 715 3118 evomuit,
747 3013 921 3130 perinde
950 3015 1064 3134 quali
1096 3019 1130 3107 ii
1164 3013 1240 3104 fibi
1278 3015 1435 3106 honori
1467 3014 1697 3102 ducerent*

322 3157 414 3272 vim
444 3183 675 3262 exercere,
691 3153 827 3246 facere
852 3157 1052 3269 injurias,
1082 3163 1123 3246 &
1159 3157 1306 3244 divina
1335 3180 1462 3272 atque
1488 3155 1675 3244 humana

323 3298 473 3388 omnia
506 3281 804 3386 contemnere.
842 3297 957 3386 Aliis
985 3299 1227 3389 inimicitiis
1259 3294 1434 3388 incensa·
1451 3297 1676 3388 contentio
1708 3351 1711 3358 -

322 3435 431 3547 suit,
468 3437 586 3555 quod
630 3436 841 3528 Pontifex‘
870 3436 1003 3530 fretus
1047 3440 1238 3558 potentia
1265 3499 1270 3506 κ»
1286 3417 1566 3531 Venetorum
1592 3437 1674 3529 Bo-
1710 3493 1714 3500 ·

306 3582 501 3699 nortiam
545 3583 706 3689 etiam,
751 3583 798 3670 in
840 3609 922 3696 qua
963 3576 1294 3672 dominabantur
1337 3565 1590 3690 Bentivoli',
1612 3609 1678 3672 re-

321 3722 529 3841 spiceret,
564 3719 745 3840 aliasque
783 3727 874 3814 vias
913 3721 990 3816 fibi
1036 3719 1270 3844 patefacere
1311 3725 1441 3816 vellet
1483 3727 1537 3818 atl
1577 3743 1677 3844 opes

322 3863 415 3956 suas'
452 3863 772 3984 amplificandas
807 3864 928 3980 (ιι).
960 3867 1104 3984 ltaque
1140 3871 1432 3964 Perdinandus
1469 3865 1719 3987 Neapoli-'-

321 4033 525 4100 ranorum
566 4009 693 4114 Rex,
738 4013 779 4095 δι
820 4009 1101 4102 Urbinarium
1143 4015 1246 4103 Dur
1263 4064 1290 4123 ,·
1319 4011 1561 4104 stimulante
1602 4037 1676 4100 eos
1717 4063 1718 4066 κ

322 4155 509 4250 maxime
543 4152 880 4258 Laurentio,.·lic
910 4135 1099 4272 partibus
1129 4149 1314 4273 Ruperti
1343 4151 1590 4258 studebant,
1624 4165 1676 4242 ur
1720 4191 1723 4200 ·

254 4341 259 4351 ·
322 4297 452 4386 armis
483 4302 524 4385 δι
549 4287 688 4385 castris
717 4295 908 4390 obsistere
939 4297 1165 4388 Pontificis
1194 4296 1421 4386 conatibus
1452 4293 1566 4384 haud
1595 4293 1676 4383 du«

324 4428 578 4530 hiaverint.
611 4441 698 4531 Res
719 4441 902 4558 quidem-
924 4441 979 4532 ad
1020 4465 1174 4532 munus
1193 4440 1427 4544 remea&
1469 4440 1507 4532 fu
1536 4463 1679 4532 armo·
