4492 5860
190 499 193 506 '
584 481 1328 596 Μιιιιιιιιιιινιτι
1455 504 1577 599 '27

286 711 394 820 tiam
408 742 422 818 ,·
436 703 598 819 divina
638 728 763 821 atque
803 703 990 808 humana
1020 708 1167 800 omnia
1199 729 1502 814 contemnere,
1532 701 1643 796 nibil

287 846 432 976 pensu
464 846 574 942 nihil
615 847 825 973 moderati
869 849 1055 952 habetet
1093 875 1296 968 mutaque
1331 847 1469 940 libido
1506 849 1554 938 in
1575 873 1641 936 eo

288 1021 381 1112 etat
404 991 667 1090 crudelitatis
693 991 975 1100 exercendae,
996 1018 1048 1086 ιιι
1078 1023 1183 1088 eam
1213 995 1343 1086 matti
1372 991 1552 1083 minime
1569 1015 1642 1107 pe-

288 1131 513 1258 perciliet‚
530 1135 699 1246 alteriue
728 1133 920 1238 Neronia
949 1165 1110 1232 nomen
1140 1138 1363 1246 meruerit.
1384 1131 1509 1224 Haec
1539 1130 1644 1220 vitia

288 1303 480 1392 mottem
510 1279 576 1370 illi
605 1303 898 1389 maturarunt,
928 1309 1031 1380 cum
1071 1277 1318 1398 praevidete
1358 1277 1540 1369 minime
1568 1301 1644 1390 po:-
1768 1399 1772 1413 ¹
1936 1260 1940 1268 ’

289 1422 478 1532 tuerint,
507 1422 584 1539 qui
614 1447 765 1530 contra
793 1421 921 1519 illum
955 1424 1257 1546 conjuravere,
1275 1423 1512 1546 perniciem
1539 1410 1645 1529 eius·

290 1565 393 1658 dem
441 1595 553 1676 cum
599 1559 818 1661 universae
861 1568 1004 1667 ltaliae
1043 1569 1288 1664 calamitate
1329 1565 1484 1686 (qaae
1520 1560 1647 1672 enim

106 1687 111 1708 ’
205 1723 208 1728 ’
290 1707 468 1802 vulnera
499 1708 603 1798 huic
634 1707 795 1802 inflixit
823 1710 1005 1830 projecta
1035 1713 1257 1831 quaedam
1277 1719 1317 1806 dt
1348 1707 1545 1804 effieneta
1571 1731 1647 1802 cu·

290 1851 446 1969 piditas
479 1849 760 1964 dominandi,
787 1879 872 1968 qua
913 1851 1107 1972 flagravit
1142 1856 1406 1950 Ludovicus·
1429 1847 1559 1942 frater
1597 1843 1647 1934 il·

290 1993 403 2086 lius,
392 1998 402 2054 ¹
422 1994 441 2107 )
460 1990 550 2084 fote
567 1989 877 2118 εοιήιιιιξὶιιιι.
894 1995 1052 2110 Qtoad
1079 2004 1215 2108 vixit,
1242 1995 1499 2122 Flerentinis
1527 1985 1648 2104 favit,

252 2123 253 2130 Ν
293 2135 478 2250 &quod
506 2166 531 2226 a
560 2137 712 2231 litteris
745 2141 926 2235 minime
958 2143 1122 2236 alienus
1152 2137 1279 2248 effet,
1308 2147 1350 2229 &
1384 2135 1439 2227 ad
1471 2159 1649 2228 omnem

292 2275 640 2384 munificentiam
675 2280 904 2398 propensus
922 2349 944 2392 ‚.
977 2279 1171 2376 invidille
1214 2279 1520 2396 Medieeotum
1557 2273 1649 2391 gloa
1681 2361 1699 2390 ,

183 2479 186 2484 -
294 2421 380 2514 tiae
417 2418 612 2512 videtur.
644 2421 973 2542 Rempublieam
1003 2423 1290 2518 Christianam
1332 2425 1650 2542 hnperium'que

296 2563 413 2654 urbis
447 2564 615 2654 Romae
658 2567 719 2654 ita
746 2567 1005 2688 gubernabat
1047 2569 1219 2662 Paullus
1248 2569 1311 2686 lla,
1347 2593 1402 2660 ιιι
1435 2569 1481 2656 in
1513 2591 1564 2654 eo
1593 2556 1651 2648 se·

295 2707 449 2798 veritas
485 2709 630 2817 vitae,
667 2717 708 2812 δι
749 2715 813 2808 in.
832 2711 1014 2834 gerenda
1053 2741 1098 2804 te
1137 2711 1402 2830 consilioque
1443 2699 1652 2824 capiendo

296 2852 531 2954 constantia
565 2859 891 2976 -tequiteretur.·
930 2864 1066 2982 Saepe
1109 2893 1216 2982 quae
1259 2857 1423 2976 jullerat
1453 2851 1651 2946 vetabat,

296 3021 404 3128 quae
439 3024 632 3096 vetuerat
667 3001 868 3114 jubebat,
913 3011 954 3094 δι
983 3035 1097 3095 eam
1146 3001 1364 3096 sermonis·
1394 3001 1554 3090 nimias
1591 2987 1652 3080 el·

300 3139 391 3250 let,
431 3139 541 3238 nihil,
572 3143 652 3234 illo
694 3142 789 3234 fieri
829 3141 1010 3262 potuille
1051 3147 1188 3234 levius
1221 3141 1349 3233 facile
1386 3132 1651 3228 affirmaffes.

299 3279 508 3397 Qaestui
540 3313 590 3375 ac
628 3281 819 3406 sumptui
861 3315 991 3406 aeque
1022 3285 1190 3396 deditus
1218 3313 1308 3375 non
1346 3279 1434 3373 sme
1467 3281 1652 3370 aliorum

250 3487 254 3500 ·
299 3427 455 3540 injuria
492 3421 640 3560 suique
673 3427 882 3523 dedecore
911 3457 1097 3548 magnas.
1125 3424 1332 3548 impensas
1371 3421 1555 3518 faciebat
1584 3417 1653 3507 vel

300 3570 362 3660 ad·
387 3565 627 3662 instruenda
666 3571 796 3662 nodia
832 3572 1064 3679 convivia,
1093 3571 1162 3662 vel
1190 3569 1244 3662 ad
1280 3595 1471 3690 gemmas
1510 3591 1654 3659 emen·
1711 3685 1720 3698 „

302 3709 401 3824 das,
427 3711 496 3802 vel
514 3710 568 3804 ad
596 3711 803 3804 aedificia.
817 3715 1039 3806 excitanda
1053 3705 1163 3823 ,³vel
1187 3713 1242 3804 ad
1267 3743 1444 3805 omnem
1474 3709 1656 3826 denique

304 3857 514 3972 privatam
544 3853 759 3946 luxuriam
789 3864 833 3946 dt
868 3857 1117 3974 publicam
1116 3853 1498 3978 magnificentiam
1538 3877 1656 3943 exet

304 3995 514 4088 cendam.
545 3996 948 4138 Reprehendebatur
972 4003 1127 4108 etiam,
1158 3997 1275 4115 quod
1306 4001 1435 4090 nimis
1475 3984 1657 4088 studiose

272 4132 445 4263 ίῐιιειι
489 4137 724 4230 videretur·
755 4113 937 4253 V'enetis
986 4139 1102 4251 suis,
1129 4151 1203 4233 δι
1236 4139 1444 4258 quidquid
1482 4153 1653 4252 cuperet

304 4309 436 4397 quam
472 4282 628 4416 bbnam
666 4277 903 4392 lamam,
890 4290 1166 4403 mgeniotttm
1210 4285 1412 4388 cultum,
1443 4284 1484 4368 δι
1524 4271 1653 4366 Chri·

70 4505 78 4516 .
183 4549 187 4557 .
307 4419 459 4519 stbnae
501 4425 779 4541 Reipublicae
820 4427 1209 4543 tranquillitatem.
1228 4419 1397 4518 Botiitta
1436 4415 1654 4536 Atestinus

1073 4568 1174 4656 D2
