4472 5858
461 531 481 554 .„
570 478 1042 574 Maduateni
1103 477 1320 570 Va‘ra
1507 501 1587 587 103

308 727 384 820 per
411 725 513 820 quas
548 693 776 804 transibat,
812 691 1121 814 speeiautium,
1152 727 1243 788 uon
1274 693 1393 786 secus
1434 717 1486 784 ac
1533 682 1653 794 fiad

313 843 531 962 agendum
563 843 862 962 triumphum,
892 837 1075 934 minime
1105 851 1208 934 vero
1238 837 1302 931 ad
1331 865 1481 958 pacem
1512 835 1658 952 depae*

314 987 497 1078 caudam
533 983 732 1082 veniiiet.
769 989 875 1084 Rex.
894 989 935 1082 ei
966 983 1077 1101 juffit
1116 993 1341 1078 occurrere
1388 977 1658 1072 Friderieum

313 1117 528 1224 filium&
574 1131 895 1224 Fordinandum
936 1151 1182 1252 nepotem,
1218 1129 1407 1245 aliosque
1448 1123 1590 1244 plures
1633 1150 1659 1212 o

310 1275 523 1392 peimariis
556 1267 762 1388 familiis,
792 1281 869 1396 qui
895 1277 1008 1398 Regi
1047 1269 1122 1394 ipsu
1153 1275 1479 1408 renuntiarunt,
1515 1264 1557 1360 so
1593 1267 1660 1354 vi-

311 1416 411 1510 disse
436 1419 662 1512 hominem
677 1484 690 1531 ,
708 1424 785 1542 qui
808 1417 955 1514 secum
975 1415 1131 1512 faciem
1157 1419 1537 1536 auctoritatemque
1556 1411 1659 1500 Rei·

310 1563 507 1682 publicae
538 1557 684 1660 afferre
712 1565 958 1660 videbatur.
988 1563 1036 1658 ld
1067 1568 1186 1659 euim
1216 1561 1341 1656 cordi
1381 1561 1423 1655 ei
1468 1557 1658 1651 maxime

311 1733 423 1814 erat,
465 1731 516 1799 ut
555 1709 762 1802 timorem
802 1713 1071 1819 occultatum
1122 1715 1165 1800 δι
1206 1705 1407 1802 afflictam
1459 1731 1511 1794 ac
1552 1727 1662 1817 peno

310 1845 557 1966 prostratam
598 1856 759 1970 patriae
804 1851 901 1947 suae
931 1853 1151 1952 fortunam
1191 1851 1498 1946 diffimuiaret.
1537 1842 1662 1933 Cum

312 2012 418 2082 vero
448 1989 502 2082 ad
533 1993 808 2112 colloquium
838 1997 1191 2118 congreiiumque
1222 2001 1352 2118 Regis
1382 1981 1662 2114 pervenisset,

310 2135 516 2249 quoniam
547 2131 648 2227 usus
669 2163 821 2228 uerum
851 2142 1090 2239 multarum
1121 2143 1326 2232 docuerat
1348 2167 1474 2241 eum,
1491 2155 1546 2222 ut
1566 2129 1663 2244 qui·

311 2273 390 2366 bus
419 2277 542 2368 rebus
573 2281 709 2376 animi
740 2279 973 2374 hominum
1003 2309 1308 2391 moverentur,
1336 2279 1453 2402 quod
1484 2269 1542 2375 est
1573 2273 1664 2364 01⁰·

311 2419 509 2535 quentiae
535 2411 802 2532 maximum,
829 2451 1019 2539 teneret,
1045 2429 1092 2518 in
1123 2427 1235 2520 hane
1265 2425 1518 2520 sententiam
1542 2412 1682 2534 diues

311 2559 435 2652 miffe
454 2561 638 2660 dicitur.
655 2567 783 2658 Nam
805 2593 989 2687 unquam
1006 2570 1099 2664 vidi
1115 2573 1268 2666 laetius
1294 2569 1370 2684 ista
1391 2565 1492 2658 urie
1516 2558 1665 2675 vestrae

310 2704 357 2794 iu
373 2733 459 2823 qua
483 2737 562 2825 quo
584 2712 715 2829 magis
730 2734 946 2830 potentes,
977 2715 1132 2806 divites
1146 2779 1159 2824 ,
1167 2715 1385 2830 fomentati
1406 2734 1534 2829 aeque
1558 2703 1665 2794 noba·

311 2849 371 2936 les
389 2847 504 2962 estis,
522 2879 566 2942 eo
582 2856 711 2970 magis
729 2883 802 2946 vos
827 2884 956 2973 aequa
979 2862 1113 2952 animo
1142 2886 1279 2980 aequa
1307 2855 1469 2974 noscere
1497 2867 1663 2967 oportet.

311 2995 485 3082 ianime
514 3023 624 3086 mam
651 2999 955 3090 conmemorabe
981 3023 1091 3118 'quae
1120 3017 1246 3092 autea
1275 3031 1347 3090 nos
1377 2995 1664 3087 circumvalla⁴

311 3137 453 3228 verim
482 3141 616 3243 mala,
647 3137 761 3231 unde
791 3165 1001 3260 emergere
1028 3143 1108 3266 vix
1131 3143 1233 3261 polle
1261 3141 1529 3234 videbamur.
1548 3129 1671 3225 Nihil
1718 3156 1723 3167 ·

310 3275 366 3390 est
392 3279 531 3386 etaim,
560 3281 672 3398 quod
705 3286 875 3394 malim,
898 3313 1025 3403 quam
1053 3285 1229 3406 oblivisci
1267 3287 1448 3399 injurias
1494 3306 1666 3388 earum,

309 3453 410 3542 quaa
449 3453 583 3541 neque
610 3423 747 3541 fides,
782 3457 917 3546 neque
935 3429 1264 3543 jusjurandum,
1296 3461 1430 3551 neque
1457 3435 1546 3520 ulla
1588 3433 1664 3513 mi·

307 3571 530 3686 firiemdia
575 3601 759 3690 uuquam
794 3580 1003 3666 revocavit
1044 3574 1096 3667 ab
1134 3569 1411 3697 indigniffimis
1437 3565 1667 3692 patrandis

299 3711 552 3832 scelerIbus.
581 3717 688 3806 Nam
708 3715 840 3824 juvat
869 3717 1030 3808 eosdem
1068 3721 1117 3810 in
1157 3727 1264 3812 ornati
1292 3719 1476 3836 famem
1509 3735 1662 3835 gerere

310 3857 465 3950 animos
481 3923 494 3968 ,
510 3857 576 3970 ste
603 3882 652 3950 ut
682 3887 758 3950 nec
775 3853 983 3974 fictandm
1013 3887 1178 3954 reseas
1206 3867 1441 3972 extollant,
1472 3887 1548 3948 nec
1581 3849 1660 3942 ad·

310 3998 456 4116 veefiae
488 4003 708 4094 minuant.
743 4004 889 4121 Neque
916 4007 1157 4100 immeabar
1191 4011 1239 4100 in
1280 4010 1370 4100 tuis
1413 3995 1662 4093 extollendis

309 4146 526 4256 laicalibus,
552 4147 665 4264 quad
682 4143 814 4265 sciam
852 4149 1081 4268 quidquam
1112 4155 1178 4243 ita
1205 4149 1416 4270 ntagm'fice
1447 4161 1663 4256 nunquam

311 4289 393 4378 diei
413 4289 545 4406 POffi'a
577 4293 680 4408 quin
709 4291 760 4384 id
785 4297 927 4384 virtus
968 4317 1097 4409 atque
1130 4287 1308 4404 fhrtuna
1336 4287 1512 4406 steperee
1552 4307 1630 4376 tua
1647 4295 1678 4376 .’

258 4514 262 4522 .
314 4433 680 4524 Verumenimvero
711 4434 818 4524 banc
859 4461 948 4524 rem
979 4459 1044 4523 me
1065 4435 1338 4555 praeeipuam
1366 4427 1518 4526 habere
1545 4429 1660 4524 arbi·
