4474 5858
682 509 764 592 218
886 499 1370 594 Lnuncurrr
1431 497 1801 592 Mnurcrs

617 711 759 810 solum
801 719 1082 812 vetustiffimis
1123 718 1346 810 codicibus
1387 719 1663 838 conquisrt'u,
1710 715 1780 808 sed
1825 715 1965 807 etiarn

615 862 772 954 latina
802 865 1149 983 interpretatione
1180 891 1253 982 per
1283 867 1396 974 viros
1427 863 1682 958 dosliffimos
1712 863 1963 982 explicatis.

618 1005 748 1118 Quod
780 1037 882 1098 vero
909 1008 1258 1126 periculumerat
1286 1037 1341 1096 ne
1369 1005 1572 1100 hominos
1595 1003 1741 1098 affueti
1770 1004 1872 1124 jugo
1889 1005 1965 1096 Po

619 1152 944 1269 ripateticorum
970 1157 1016 1244 in
1046 1154 1192 1244 omnia
1225 1145 1465 1242 Aristotelis
1494 1149 1619 1241 verba
1649 1147 1785 1264 jurare
1812 1179 1959 1269 perge·

621 1319 747 1406 rent,
780 1291 948 1388 secutus
976 1298 1218 1416 exemplum
1247 1291 1399 1388 Cosmi
1430 1290 1555 1413 ipsius
1581 1297 1640 1384 ita
1671 1291 1785 1384 fovit
1821 1294 1962 1382 Plato·

571 1517 575 1526 .
619 1441 768 1528 nicam
801 1440 1106 1549 Academiam,
1135 1466 1185 1530 ut
1218 1445 1290 1556 per
1321 1439 1431 1530 hanc
1463 1448 1654 1557 tyrannis
1684 1439 1757 1528 illa
1792 1435 1961 1526 schola·

622 1573 726 1668 stica
757 1577 786 1668 sr
818 1613 908 1672 non
938 1585 1060 1700 plane
1098 1583 1267 1690 deleta,
1293 1577 1537 1672 labefactata
1559 1609 1703 1672 tamen
1727 1581 1962 1698 plurimum

625 1720 779 1814 suerit.
813 1727 968 1814 Parum
1001 1725 1177 1842 quidem
1210 1751 1284 1816 aut
1322 1725 1432 1816 nihil
1473 1727 1668 1816 additum
1713 1725 1786 1812 illa
1827 1737 1963 1814 aetate¹

623 1869 868 1985 cognitioni
904 1894 1030 1984 atque
1048 1865 1242 1960 scientiae
1274 1894 1416 1960 rerum
1449 1869 1733 1976 naturalium,
1753 1862 1823 1957 sed
1854 1889 1968 1982 pate·

622 2004 732 2098 falla
753 2009 1092 2126 ¹quodammodo
1120 2013 1190 2100 via
1223 2007 1335 2118 suit,
1366 2040 1471 2128 quae
1497 2007 1627 2102 ferret
1656 2009 1967 2123 deducerctque

623 2181 709 2260 eo,
739 2183 828 2270 quo
858 2153 1054 2246 homines
1095 2155 1285 2250 veritatis
1328 2153 1474 2273 cupidi
1512 2152 1824 2246 intendebant.
1867 2151 1964 2276 Jam

626 2319 837 2412 quantum
879 2300 1079 2415 proveeta
1109 2295 1240 2390 fuerit
1261 2293 1537 2398 ,astronomia
1577 2325 1668 2415 per,
1687 2294 1966 2388 laurentium

625 2439 858 2554 Volpajam
889 2447 948 2528 &¹
974 2439 1170 2530 Paullum
1214 2437 1545 2549 To'scanellam,
1572 2440 1649 2556 qui
1690 2435 1786 2530 sane
1826 2435 1964 2532 adari-
2040 2473 2045 2483 ·

628 2578 781 2670 randas
818 2607 883 2668 res
912 2585 1130 2698 organicas
1163 2591 1204 2674 δι
1245 2585 1529 2702 gnomonicas
1571 2577 1744 2698 posteris
1788 2582 1969 2694 relique-

627 2747 753 2830 runt,
783 2721 975 2838 pluribus
1005 2755 1029 2813 a
1058 2725 1284 2815 Leonardo
1312 2721 1559 2842 Ximenesro
1585 2719 1706 2834 (224)
1727 2720 1806 2828 ,ad
1835 2747 1968 2839 quem

628 2863 801 2956 lectores
829 2865 1098 2984 delegamus,
1116 2863 1376 2987 descriptum
1408 2866 1521 2960 suit.
1551 2863 1722 2983 Neque¹
1741 2863 1970 2954 mediocri·

626 3029 694 3095 ter
725 3009 901 3098 meritus
932 3005 990 3099 est
1019 3012 1272 3100 Laurentius
1302 3010 1355 3100 de
1386 3011 1601 3109 medicina
1643 3032 1769 3123 atque
1800 3001 1971 3094 historia

627 3149 843 3260 naturali,
884 3150 1000 3267 quod
1032 3153 1268 3244 deerrantes
1297 3151 1503 3242 homines.
1533 3149 1586 3240 ad
1617 3148 1967 3267 Hippocratis&

629 3286 895 3381 Dioscoridis
936 3295 1065 3386 libros
1106 3321 1230 3388 antea
1259 3317 1335 3384 aut
1377 3294 1596 3410 ignoratos
1637 3317 1712 3382 aut
1757 3291 1968 3410 negleslos

628 3433 892 3524 cvolvendos
937 3439 1209 3530 invitaverit.
1250 3435 1313 3524 Ea
1353 3436 1471 3523 enim
1501 3457 1590 3522 erat
1620 3435 1823 3550 iniquitas
1853 3458 1973 3522 tem-·

627 3601 811 3691 porum,
831 3603 882 3668 ut
912 3577 1021 3668 nihil
1052 3609 1126 3697 per
1159 3575 1199 3668 se
1230 3577 1428 3670 homines
1458 3577 1723 3692 inquirerent
1741 3639 1755 3683 ,
1772 3581 1821 3664 ’δι
1850 3576 1966 3692 glane

629 3715 683 3800 de
704 3745 834 3828 quam
864 3720 1053 3805 inventis
1070 3717 1266 3834 frugibus
1284 3715 1397 3807 vesci
1423 3719 1628 3824 mallent;
1645 3725 1685 3808 δι
1704 3747 1806 3808 cum
1827 3715 1972 3806 omnia

630 3855 772 3972 pravis
802 3855 1075 3970 opinionibus
1117 3887 1318 3979 corrupta
1348 3859 1512 3976 essent,
1550 3893 1640 3980 non
1682 3887 1771 3950 tarn
1813 3853 1973 3948 discere

630 4027 760 4118 quam
790 3992 1004 4088 dediscere
1035 3999 1319 4116 ingredientes
1354 4007 1407 4098 ad
1436 4033 1612 4098 naturae
1641 4001 1971 4118 contemplatio·

628 4171 732 4236 nem
774 4143 1024 4260 oportebat.
1056 4143 1239 4234 Viderat
1283 4149 1447 4238 multos
1481 4147 1732 4237 Laurentius
1768 4149 1814 4232 in
1845 4143 1972 4231 Etru·

631 4285 693 4372 ria
733 4291 774 4372 &
815 4285 1060 4394 audiverat,
1095 4287 1170 4404 qui
1202 4285 1459 4404 primoribus
1492 4285 1615 4372 labris
1645 4279 1889 4402 gustassent,
1931 4292 1971 4372 dr

632 4427 858 4536 extremis,
893 4455 944 4522 ut
986 4427 1180 4542 dicitur,
1227 4426 1374 4544 digitis
1414 4421 1643 4545 attigissent
1682 4456 1816 4546 genus
1859 4423 1971 4516 illud
