4474 5858
682 420 759 504 188
879 408 1789 509 Lannu'un1·1·M.a·n'tc'1s

615 633 690 737 iis,
709 659 817 748 quos
846 627 1151 742 conjurationis
1181 634 1391 750 principes
1421 629 1543 722 suisse'
1564 629 1808 743 constabat,
1831 631 1954 752 supe·

615 798 753 890 terant
781 798 925 864 tamen
944 839 955 882 ,
972 778 1214 892 quionines
1233 775 1450 866 machinas
1481 775 1756 885 adhibebant,
1789 802 1841 868 ut
1858 780 1952 865 vin-

614 914 807 1004 dicarent
838 914 877 1006 sc
908 914 955 1033 se¹
976 917 1029 1007 ab
1060 916 1316 1006 Ferdinandi
1345 927 1386 1008 dc
1411 915 1580 1010 Alsonst
1607 917 1827 1010 Calabriae
1859 920 1956 1010 Du·

615 1057 677 1146 cis
695 1043 1246 1182 impotenti'dominatione
1276 1069 1410 1180 atque
1423 1063 1620 1174 auaritia.
1654 1059 1764 1152 Non
1793 1059 1951 1152 horum
2055 1151 2059 1174 ,

615 1199 774 1314 prodo,
807 1199 1045 1324 sedetiam
1072 1202 1295 1328 Pontificio
1323 1205 1430 1320 iram
1461 1203 1810 1314 inflammabant,
1841 1202 1957 1322 quod

614 1342 710 1434 Rex
738 1347 866 1465 paslis
896 1349 941 1442 in
966 1347 1179 1470 jungenda
1196 1363 1299 1468 pa'ce
1327 1345 1490 1463 legibus
1522 1339 1622 1436 stare
1653 1349 1789 1438 nollet
1814 1345 1953 1462 (204),

615 1481 740 1601 seque
774 1485 1004 1582 insolenter
1044 1491 1212 1604 ‘jactaret
1230 1557 1242 1599 ,
1261 1493 1422 1582 omnia
1451 1491 1667 1607 potentiae
1696 1485 1792 1580 suae
1828 1488 1953 1581 facile

614 1626 800 1722 cessura.
832 1629 1011 1722 Contra·
1030 1631 1132 1727 haec
1159 1631 1357 1752 Pontifex
1383 1633 1541 1744 ajebat,
1568 1631 1644 1725 nist
1675 1634 1845 1749 publice
1875 1629 1950 1722 fibi

612 1764 871 1862 satisfactum
907 1771 1047 1864 suisset·
1064 1824 1092 1883 ,,·
1109 1775 1264 1870 multas
1307 1774 1348 1868 se
1382 1774 1648 1868 ulciscendae
1677 1774 1855 1890 injuriae
1883 1775 1954 1864 ha·

613 1913 710 2008 bere
741 1918 840 2012 vias,
857 1915 933 2028 (20
941 1919 1014 2031 ς),
1040 1927 1081 2008 dc
1111 1919 1312 2012 audacius
1343 1921 1620 2036 loquebatur,
1650 1920 1767 2037 quod
1797 1946 1947 2026 arcae,

611 2058 825 2184 amicitiae
846 2075 990 2176 ‘atque
1026 2055 1221 2162 affinitati
1257 2063 1479 2154 Laurentii
1510 2063 1747 2181 plurimum
1786 2059 1946 2151 tribue·

610 2198 703 2289 bat.
736 2200 829 2292 Hic
859 2203 1033 2318 quidem
1064 2205 1420 2322 experiebatur&
1449 2207 1642 2298 tentabat
1659 2191 1830 2312 omnia,-
1853 2203 1955 2318 qui·

610 2339 692 2430 bus
721 2345 911 2438 molliret
938 2349 1094 2440 iratum
1125 2349 1365 2442 Pontificis'
1380 2353 1602 2458 animum,
1633 2379 1768 2465 neque
1791 2339 1950 2434 defiste·

610 2484 684 2574 bat
707 2481 903 2599 ipsum'a.
928 2487 1108 2586 'consilio
1141 2519 1338 2588 revocare
1368 2492 1597 2610 quaerendi
1634 2503 1803 2584 externa
1835 2485 1954 2578 auxi·

610 2621 693 2732 lia,
710 2639 848 2742 'atque
883 2656 998 2716 anna
1029 2631 1188 2726 iterum
1228 2635 1455 2752 capiendi,
1486 2633 1827 2755 proponebatque
1859 2657 1951 2717 non

610 2765 751 2860 solunt
792 2767 1187 2888 mala-praesentia,
1219 2770 1451 2874 sedetiam
1485 2775 1652 2884 futura,
1681 2803 1789 2892 quae
1826 2799 1953 2858 cave-

610 2935 657 3000 re
685 2917 725 3000 ἃ
757 2909 959 3026 dignitati
984 2919 1036 3011 δι,
1055 2911 1499 3029 existimationiilllus
1531 2921 1732 3009 maxime.
1746 2911 1855 3003 utile
1889 2935 1955 2997 at·.

608 3051 866 3146 bitrabutur.
892 3052 1077 3148 :Eodem
1097 3079 1333 3172 tempore,
1373 3075 1476 3176 quo¹
1497 3059 1662 3152 ltaliam
1685 3056 1803 3148 ,novi
1832 3051 1951 3144 belli

610 3195 806 3314 periculo
847 3195 1021 3289 liberare
1063 3200 1297 3314 cupiebat,
1338 3197 1502 3294 secreto
1542 3199 1725 3290 docebat
1768 3190 1951 3288 Pontifi-

609 3341 1041 3456 aemsquassratione
1072 3343 1203 3460 Regis
1233 3343 1438 3432 audaciae
1461 3337 1668 3449 resiliero,
1701 3337 1856 3458 suaque
1877 3335 1952 3450 iu·

609 3501 655 3570 ra
686 3483 810 3572 tueri·
827 3475 981 3597 posset.
1012 3477 1194 3580 Multae·
1209 3507 1357 3582 extant
1384 3485 1576 3592 litterae,
1601 3478 1832 3600 quaesunt
1856 3489 1952 3568 mo-

611 3646 816 3714 numenta
856 3619 1032 3737 insignia
1064 3653 1154 3708 non
1186 3619 1325 3714 solum
1356 3655 1498 3721 rerunt
1533 3624 1771 3746 gestarum,
1808 3618 1879 3714 sed
1909 3649 1952 3710 e·.

609 3761 718 3850 tiam
752 3762 1025 3877 prudentiae,
1059 3762 1342 3873 dexteritatis,
1372 3775 1414 3858 dc
1436 3765 1479 3872 ,fi
1514 3771 1581 3861 vis
1603 3771 1754 3862 ‘etiam
1782 3759 1952 3868 callidi*

611 3898 733 4004 tatis,
766 3929 852 4018 qua
875 3929 1036 3996 ceteros
1069 3907 1270 3999 vincebat
1302 3908 1581 4019 Laurentius,
1610 3925 1882 4028 quapropter
1899 3903 1957 4010 il·'

610 4041 750 4134 larunt
791 4046 990 4160 quasdam
1026 4049 1135 4152 insta
1165 4051 1281 4142 haud
1316 4047 1548 4142 exscribere
1577 4051 1739 4170 pigebit
1766 4047 1953 4164 (206).

610 4186 679 4279 Ex
710 4187 778 4284 his
808 4213 978 4304 quoque
1008 4189 1265 4307 cognosces,
1295 4221 1506 4308 quantum
1536 4190 1635 4286 esset
1664 4195 1779 4284 illius
1808 4191 1949 4280 aucto·

610 4327 747 4426 utatis
772 4333 964 4448 modun
988 4359 1198 4453 quantum
1224 4329 1380 4465 ‚iducis
1410 4331 1514 4434 suae
1556 4330 1746 4463 interesse
1773 4355 1956 4448 putaret
