4492 5860
503 549 1056 646 :Manna-area
1115 547 1326 666 Vrsa
1379 611 1411 622 ..
1574 579 1609 664 .9

322 779 543 882 invexere,
577 773 869 883 intuerentur,
914 800 1040 890 atque
1084 799 1177 860 earn
1219 765 1295 858 fibi
1326 759 1380 858 ad
1410 757 1670 868 imitandum

321 941 632 1040 proponerent.
651 915 772 1006 Nam
791 917 858 1006 bis
881 919 1139 1035 contemptis
1158 911 1384 1033 magistris,
1404 939 1515 1002 nova
1545 939 1668 1026 quae-

321 1062 424 1152 dam
455 1063 565 1152 ratio
605 1066 843 1180 excogitata
874 1058 959 1150 suit
989 1056 1261 1148 demulcendi
1302 1085 1421 1148 aures
1451 1055 1669 1171 imperito·

324 1235 424 1296 rum
441 1237 474 1316 ,¹
499 1233 606 1322 quae
644 1200 754 1294 falfis
794 1193 971 1320 ¹judiciis
1015 1198 1144 1323 longe
1187 1202 1352 1319 lateque
1395 1193 1544 1288 diffusa
1586 1190 1670 1283 est.

322 1353 370 1442 Si
399 1376 523 1441 acute
558 1351 653 1466 quis
683 1373 774 1434 rem
792 1344 1047 1438 ¹inveniebat
1077 1347 1095 1460 (
1125 1345 1170 1434 id
1202 1339 1479 1464 quodetiam
1509 1335 1670 1428 barbari

320 1489 513 1613 persaepe
546 1491 748 1606 suerunt)
784 1489 1048 1609 nequaquam
1078 1491 1271 1580 oratione
1307 1496 1347 1580 δι
1388 1467 1569 1580 numero
1589 1479 1670 1573 'ex-

151 1682 153 1686 ‘
186 1703 187 1707 κ
320 1635 536 1758 pollebat,
568 1637 733 1754 inquo
770 1631 836 1726 uis
865 1636 1094 1756 praecipua*
1126 1633 1392 1750 eloquentiae
1421 1627 1554 1750 posta
1584 1623 1669 1716 est.

321 1783 563 1872 Sententiae
593 1777 847 1898 plerumque
877 1776 1175 1898 improbabiles
1202 1768 1535 1877 adhibebantur,
1567 1793 1670 1857 con-

307 1923 486 2032 tortae,
516 1925 644 2014 nimis
679 1921 936 2040 exquisrtae',
966 1919 1092 2010 verba
1134 1911 1329 2026 inculta,
1375 1914 1576 2020 horrida,
1609 1937 1671 2000 'ex

321 2067 454 2156 trivio
483 2091 645 2185 arrepta
662 2091 683 2174 ,“
706 2069 875 2157 numeri
905 2066 1013 2170 laxi,
1046 2063 1321 2170 fluuuantes,
1352 2055 1574 2152 dissolutis
1604 2052 1670 2144 to·-

330 2231 375 2298 ta
405 2206 602 2322 denique
621 2209 926 2325 orationeque
956 2211 1094 2296 nervis
1136 2210 1366 2326 colligata,
1397 2232 1533 2320 neque
1573 2191 1671 2286 a'rti·

323 2350 435 2440 culis
465 2343 680 2437 distinsla:
710 2346 835 2438 rudes
876 2339 1102 2468 inopesque
1146 2349 1311 2442 consilii
1354 2346 1575 2465 scriptores
1613 2332 1671 2428 fa·-

321 2491 417 2582 cile‘
436 2487 697 2609 agnovisses.
726 2493 886 2614 Magna
926 2497 1058 2615 igitur
1088 2494 1178 2584 laus
1207 2493 1438 2584 Laurentio
1470 2487 1670 2589 debetur,

308 2635 440 2754 -quod
458 2635 463 2644 ’
482 2638 528 2726 in
571 2641 701 2728 tantis
739 2633 932 2732 'tenebris'
982 2629 1151 2728 lumen'
1178 2633 1352 2754 aliquod
1400 2629 1671 2752 adspexerit,

305 2774 522 2896 quodque
558 2802 654 2872 arte
697 2783 894 2900 quadam·
912 2788 1100 2906 expolire
1140 2769 1331 2905 potuerit
1371 2779 1445 2868 srbi
1486 2805 1510 2867 a
1550 2799 1670 2866 nutu·

321 2951 366 3014 ra
396 2924 546 3016 datum
575 2926 628 3014 ad
656 2927 798 3046 poesrn
830 2933 1079 3050 ingenium.
1114 2929 1225 3020 lllud
1255 2957 1358 3019 vero
1388 2953 1478 3016 non
1508 2915 1670 3008 medio-

310 3095 393 3157 ·ere
418 3061 487 3157 vest
517 3063 821 3187 argumentum
867 3055 1100 3191 perpaucos
1145 3077 1196 3163 iis
1226 3068 1488 3190 temporibus
1512 3053 1671 3150 'veriffi-

320 3235 446 3297 mum
474 3207 807 3324 pulchritudinis
837 3215 1048 3328 judicium
1084 3209 1267 3304 babuisse
1282 3277 1294 3320 ,
1312 3209 1428 3330 quod
1452 3203 1524 3299 illa
1541 3204 1671 3322 phoe-

315 3351 396 3439 nix
429 3343 735 3469 ingeniorum,
766 3357 892 3446 Picus
917 3355 1189 3466 Mirandula,
1220 3356 1347 3476 longa
1385 3351 1481 3443 sane
1522 3341 1671 3468 episto·

311 3489 444 3634 laad
474 3493 756 3584 Laurentium
789 3496 929 3616 ipsum
960 3496 1144 3619 scripta,
1177 3500 1325 3590 multis
1356 3479 1493 3624 verbis
1519 3489 1672 3615 proba'·

321 3631 366 3725 re
396 3636 582 3746 nititur,
612 3635 814 3728 eumdem
846 3643 915 3734 vel
946 3645 992 3732 in
1023 3646 1087 3733 iis'
1104 3645 1252 3755 rebus,
1283 3671 1386 3762 quas
1416 3672 1440 3728 a
1471 3639 1673 3727 Dante&

320 3776 544 3869 Petrarcba
576 3771 762 3892 didicit,
792 3783 965 3876 dicendi
998 3813 1085 3876 arte
1127 3788 1225 3879 illos
1263 3783 1491 3906 superasse.
1524 3783 1672 3893 Qum
1804 3867 1809 3876 .

319 3919 495 4053 quidem
524 3923 710 4034 laudern,
742 3925 936 4043 quamvis
965 3929 1206 4020 titillaretur
1236 3959 1381 4023 amore
1403 3931 1587 4052 gloriae,
1606 3926 1672 4016 ni·

305 4068 403 4151 'mis
421 4066 526 4152 -acri
566 4059 762 4176 sortasse,
793 4057 1089 4166 'veruntamen
1137 4071 1357 4193 honesto,
1380 4103 1515 4192 neque
1549 4050 1670 4187 appe·

308 4203 464 4316 tebet,
512 4237 649 4326 neque
680 4211 931 4330 deposcebat
961 4215 1213 4308 Laurentius
1253 4199 1372 4332 ipse,
1396 4239 1510 4303 ratus
1553 4208 1672 4301 haud

308 4347 597 4440 'mediocrem'
615 4345 772 4467 gloriae
802 4353 990 4448 frustum
1021 4358 1063 4450 se
1093 4355 1344 4478 percepisse,
1373 4357 1491 4478 quod
1522 4384 1546 4444 a
1574 4379 1669 4444 cor·

308 4483 556 4600 durioribus
587 4492 705 4590 inter
728 4489 937 4616 principes
966 4495 1062 4591 suae
1092 4504 1250 4714 Baetatis
1277 4527 1447 4624 poetas,
1478 4507 1518 4594 dt
1550 4527 1680 4592 verae-
