4492 5860
599 505 1070 609 Mnemtrtcr
1130 497 1398 610 viar:
1524 547 1576 626 4¹

303 733 483 828 blitum·
498 735 705 826 aerarium
747 737 988 852 pertinere:
1019 737 1083 826 At
1113 735 1359 826 Florentina
1388 731 1642 856 Respublica

299 909 390 972 non
420 878 595 972 suorum
625 881 760 970 modo
790 884 980 989 civium,
1000 877 1070 972 sed
1089 885 1130 967 δι
1151 880 1373 996 proprium
1398 864 1479 994 jus-¹
1498 877 1640 970 defen·

297 1009 491 1114 alendum
521 1024 714 1140 putavit,
747 1025 868 1140 quod
898 1055 976 1146 pro
1009 1023 1186 1118 summo'
1209 1029 1414 1144 imperio,
1445 1021 1562 1142 quod
1592 1023 1639 1116 in

296 1165 602 1262 Volaterranos
639 1171 891 1279 exercebat,
935 1167 1096 1264 deberi·
1118 1165 1194 1257 fibi
1229 1165 1392 1260 diceret
1429 1163 1638 1284 quidquid
1724 1261 1729 1272 ,

295 1313 364 1406 vel
394 1343 418 1402 a
449 1339 597 1403 natura
625 1313 853 1445 abditum,
884 1313 954 1402 vel
995 1311 1047 1402 ab
1087 1312 1337 1404 hominibus
1365 1312 1637 1404 occultatum

294 1453 425 1548 ficuti'
450 1453 693 1564 thesauros,
724 1453 861 1573 dgna,
891 1455 1053 1574 aliaque
1083 1453 1328 1570 hujusmodi
1367 1459 1414 1546 in
1442 1457 1636 1574 apricum

293 1595 500 1718 proferret
534 1625 608 1692 aut
628 1611 750 1692 'aetas
785 1625 861 1690 aut
897 1598 1126 1690 hominum
1160 1595 1391 1694 industria.
1438 1603 1553 1693 Hoc·
1570 1598 1635 1712 ju-

292 1743 412 1833 dicio
451 1743 725 1864 Volaterrani
761 1741 996 1833 exacerbati
1037 1740 1160 1833 suum
1201 1743 1267 1859 jus
1309 1748 1462 1854 armis,
1503 1773 1636 1864 quau⁴

292 1882 352 1972 do
405 1883 565 1999 legibus
620 1917 711 1976 non
757 1883 971 1997 licuisset,
1024 1915 1267 2004 recuperare
1312 1887 1601 1978 deliberarunt
1618 1923 1653 2014 .·¹

291 2039 492 2143 tantaque
529 2031 594 2118 vis
624 2031 708 2118 irae
736 2033 782 2124 in
812 2059 964 2122 eorum
996 2031 1162 2122 animos
1186 2028 1416 2136 invaserat,
1446 2055 1497 2121 ut
1523 2057 1632 2118 non·

291 2169 435 2258 nullos
477 2168 748 2280 occiderint,
790 2177 865 2290 qui
905 2171 1156 2282 suadebant,
1200 2205 1253 2264 ne
1300 2176 1503 2290 quintum
1544 2169 1631 2285 jam

289 2309 642 2406 Florentinorum
674 2341 788 2404 arma
806 2316 968 2406 vellent
997 2321 1196 2435 experiri,
1222 2318 1348 2412 Petro
1379 2317 1508 2408 etiam
1537 2311 1631 2402 Ma-

288 2453 541 2573 legonellio,
568 2458 643 2572 qui
674 2459 951 2575 Reipublicae
976 2463 1152 2552 nomine
1184 2462 1235 2550 iis
1265 2485 1451 2578 praeerat
1490 2458 1630 2572 (com-

288 2597 510 2711 miffarium
551 2601 810 2718 vocabant)
857 2631 994 2720 neque
1045 2599 1085 2692 se
1135 2598 1176 2692 se
1226 2601 1630 2721 obtemperaturos,

285 2766 423 2856 neque
465 2739 675 2836 honorem
717 2747 936 2838 habituros
975 2769 1117 2863 aperte
1163 2771 1289 2861 atque
1330 2745 1469 2866 palam
1516 2743 1630 2834 dice·

286 2883 419 2975 bant.
465 2885 590 2978 Haec
633 2917 698 3018 res¹
741 2894 898 2997 movit
917 2891 1228 3001 Florentinos,
1266 2921 1355 2986 non
1396 2887 1513 3008 quod
1546 2879 1629 2974 dif-

283 3023 466 3122 fiderent
497 3033 677 3152 propriis
705 3035 892 3142 viribus,
923 3029 993 3126 sed
1018 3033 1136 3151 quod
1160 3038 1362 3126 timerent
1380 3063 1458 3142 ne,
1482 3029 1513 3120 st
1535 3032 1647 3156 vim

227 3269 233 3282 ⁸
284 3167 577 3261 Volaterranis
619 3171 880 3280 attulissent,
918 3175 1071 3266 odium
1110 3185 1151 3267 δι
1192 3205 1309 3266 arma
1348 3178 1394 3262 in
1433 3170 1476 3262 se
1523 3199 1626 3260 con·

286 3311 483 3403 citarent
511 3315 703 3406 Romani
741 3313 995 3429 pontificis,
1040 3319 1115 3434 qui
1155 3313 1231 3408 fibi
1278 3314 1633 3406 commendatam·

280 3453 401 3544 illam
429 3457 652 3548 civitatem
681 3455 760 3552 elle
789 3461 988 3568 dicebat,
1032 3469 1072 3556 δι
1112 3459 1503 3581 Neapolitanorum
1539 3459 1634 3548 Re-·

278 3605 371 3720 gis.
409 3601 552 3716 Qare
601 3603 754 3694 extitit·
785 3601 980 3696 Thomas
1021 3603 1291 3714 Soderinius,
1320 3606 1394 3722 qui
1422 3599 1623 3720 tranquil·

278 3745 392 3835 litati
432 3777 522 3836 non
550 3747 655 3837 irae
689 3744 959 3840 serviendum
1002 3744 1246 3856 consuluit,
1288 3745 1489 3837 sedandos
1529 3773 1622 3832 mo·

278 3910 384 3998 tus,
427 3885 688 3980 'molliendos
729 3895 930 3999 animos,
972 3897 1013 3982 &
1056 3881 1087 3977 sr
1134 3889 1407 3982 Volaterrani
1450 3890 1496 3978 in
1535 3883 1623 3976 fide

217 4034 223 4043 '
277 4027 553 4148 Reipublicae
603 4029 645 4122 se
692 4028 911 4122 mansuros
958 4029 1307 4152 spopondissent,
1349 4033 1518 4122 veniam
1569 4029 1634 4118 iis.

274 4173 626 4265 concedendam:
667 4207 768 4268 nam
799 4207 889 4268 non
919 4176 1113 4295 expedire
1148 4199 1264 4267 certa
1296 4175 1468 4266 incertis
1499 4195 1618 4258 com-

189 4431 194 4438 ,
243 4321 245 4326 ’
274 4339 465 4412 mutare.
498 4315 669 4410 Avidus
698 4319 952 4415 Laurentius
994 4323 1095 4410 belli
1128 4313 1301 4437 gerendi
1337 4307 1630 4431 ampliandae,

272 4479 357 4574 que
375 4459 746 4566 florentinorum
780 4461 987 4574 ditionis,
1022 4459 1353 4578 meutiquam
1397 4453 1531 4551 sedari
1570 4483 1617 4546 o·
