4472 5858
676 479 756 562 116
884 467 1373 564 Launrrsrrr
1433 465 1795 561 Mrorcrs

613 713 830 798 caturam,
851 686 988 778 multa
1018 689 1207 807 undique
1227 691 1471 820 multisque·
1488 719 1590 782 cum
1613 683 1764 812 gandi
1780 683 1955 806 quaestu

613 837 915 956 impertientes,
947 817 1218 944 exercebant,
1250 834 1405 928 horum
1428 823 1686 951 utilitatibus
1714 835 1954 955 plurimum

613 975 655 1072 se
684 978 921 1096 prospicere
951 983 1149 1098 putavit,
1180 981 1211 1070 si
1242 984 1478 1102 unicuique
1506 979 1689 1073 liberum
1713 973 1853 1074 fuisset
1881 1009 1954 1071 na-

613 1151 686 1214 ves
715 1121 769 1214 ad
820 1153 978 1216 merces
1011 1125 1306 1220 convehendas
1352 1122 1621 1232 construere,
1662 1132 1704 1216 δι
1722 1119 1728 1130 ’
1745 1123 1955 1244 quocum·-

615 1299 697 1386 que
727 1266 923 1364 voluisset
952 1271 1147 1366 mittere.
1180 1274 1301 1365 Nam
1342 1304 1466 1370 antea
1506 1273 1649 1366 omnis
1688 1299 1753 1362 res
1796 1271 1955 1362 navalis

616 1423 658 1514 lic
689 1418 904 1508 maritima
934 1419 986 1507 ad
1017 1418 1248 1510 commoda
1279 1422 1585 1542 Reipublicae,
1616 1419 1686 1512 vel
1715 1441 1767 1510 ut
1792 1417 1959 1533 loque·

617 1561 774 1654 bantur
801 1561 854 1650 ad
885 1569 1097 1657 Commune
1127 1565 1394 1683 pertinebat,
1421 1593 1473 1653 ex
1493 1579 1593 1682 'quo
1622 1561 1755 1655 fiebat
1782 1585 1833 1652 ut
1858 1583 1959 1677 pau·

619 1735 772 1800 corum
802 1703 992 1826 quaestus
1018 1703 1170 1817 essent,
1190 1717 1231 1798 &
1253 1712 1503 1829 importatae
1526 1709 1572 1796 in
1597 1705 1816 1797 Etruriam
1846 1727 1959 1792 rner-

618 1881 690 1942 ces
732 1880 891 1970 magno
920 1853 1063 1970 pretio
1099 1854 1323 1944 venirent.
1357 1850 1585 1942 Promovit
1620 1853 1750 1942 etiam
1778 1849 1961 1938 Lauren·

620 1996 708 2085 tius
742 2023 868 2112 opera
910 2020 1035 2115 atque
1068 1995 1247 2090 artificia
1260 2011 1280 2105 ,'
1307 2007 1348 2091 &
1384 2025 1471 2115 quo
1506 1993 1729 2087 studiosius
1772 1995 1962 2086 coleren-

622 2161 720 2246 tur,
753 2143 938 2257 praemia
966 2139 1214 2259 proposuit,
1247 2143 1398 2259 quibus
1425 2141 1739 2250 'donarentur,
1776 2165 1965 2258 quorum·

547 2351 551 2358 .
625 2281 794 2396 egregia
824 2281 870 2368 in
901 2309 947 2370 ea
978 2311 1022 2370 re
1052 2277 1203 2373 fuisset·
1224 2284 1459 2378 industria,
1491 2287 1679 2378 Dolebat
1708 2311 1811 2376 vero
1840 2279 1965 2370 vehe-

620 2448 791 2512 menter
820 2427 1005 2516 rationes
1042 2423 1141 2522 suas
1179 2433 1374 2547 quamvis
1415 2411 1684 2549 amplissimas
1725 2422 1873 2515 multis
1916 2419 1966 2507 in

625 2563 735 2675 locis
777 2595 799 2653 a
834 2575 1187 2683 procuratoribus
1217 2575 1480 2693 negligenter
1521 2573 1628 2664 adeo
1663 2562 1968 2659 administratas

626 2705 747 2802 fuisse
758 2779 776 2824 „
793 2738 844 2806 ut
861 2745 927 2808 aes
945 2717 1133 2808 alienum
1151 2719 1391 2810 conflatum
1409 2716 1539 2810 siserit
1563 2717 1848 2808 ducentorum
1869 2708 1968 2795 mil-

627 2853 740 2943 lium
756 2857 1065 2973 Florenorum,
1086 2894 1169 2982 qua
1191 2895 1235 2957 re
1263 2861 1417 2973 fiebat,
1442 2887 1492 2954 ut
1521 2858 1710 2992 modum
1726 2851 1969 2975 'quemdam

627 2993 725 3088 suae
754 2999 996 3092 liberalitati
1025 3034 1075 3092 ac
1106 3008 1429 3100 munificentiae
1459 3006 1585 3098 finire
1617 3031 1714 3096 tum
1737 3023 1969 3120 cogeretur.

627 3139 818 3255 Ordine,
849 3146 1069 3270 diligentia
1098 3183 1153 3246 ac·
1178 3153 1403 3274 prudentia
1440 3147 1605 3240 summa
1635 3154 1676 3236 &
1723 3169 1817 3233 rem
1859 3136 1972 3229 resti·

631 3287 747 3402 tuit,
778 3294 819 3378 &
849 3288 978 3386 decus
1007 3321 1137 3414 atquc·
1160 3298 1415 3415 dignitatem
1458 3287 1670 3383 serravit,
1698 3283 1993 3406 Suppeditata-

633 3436 762 3522 etiam
793 3436 837 3524 ei
860 3433 946 3526 suit
975 3442 1163 3554 pecunia
1187 3469 1240 3532 ex
1269 3441 1445 3558 publico
1476 3437 1636 3528 aerario
1661 3430 1715 3522 ad
1733 3430 1875 3520 debita
1893 3421 1974 3513 sol-

634 3575 796 3683 venda,
828 3603 935 3666 cum
963 3575 1122 3668 summi
1153 3579 1423 3700 Magistratus
1458 3577 1501 3671 se
1530 3575 1715 3701 passuros
1747 3587 1975 3689 negarent,

625 3743 686 3810 ut
715 3719 750 3806 is
782 3712 1027 3812 distraheret
1061 3719 1288 3812 domestica
1318 3724 1462 3832 bona,
1494 3751 1600 3841 quae
1624 3749 1715 3808 non
1752 3714 1974 3814 avaritiae-'2
2119 3760 2123 3766 ·

627 3855 708 3950 sed
737 3859 1042 3954 beneficentiae
1072 3863 1346 3959 instrumenta
1377 3867 1420 3955 ei·
1459 3864 1622 3983 semper
1664 3861 1862 3954 suerunt.
1912 3855 1978 3941 ln·-

636 4007 744 4096 certi
774 4011 814 4096 &
844 4002 1014 4096 fallaces
1044 4011 1183 4099 exitus
1211 4035 1475 4102 mercaturae
1520 4003 1646 4101 facile
1685 4009 1730 4100 'ei
1752 3987 1980 4122 'persusssff

629 4173 738 4238 runt
785 4146 1009 4242 fidendum
1049 4157 1235 4246 maxime
1267 4155 1584 4271 agriculmrae,
1621 4155 1727 4268 quae
1766 4140 1977 4234 utilitates

639 4319 774 4404 aeque
805 4298 986 4386 incertas
1031 4327 1168 4416 neque
1210 4295 1415 4417 precarias
1461 4319 1605 4412 parere
1645 4286 1786 4395 solet,
1826 4306 1982 4402 'quams

456 4497 459 4504 .
590 4503 594 4512 .
632 4455 728 4545 que
756 4431 953 4562 Principe
984 4439 1080 4529 vico
1115 4443 1252 4560 magis
1291 4439 1470 4558 dignam
1508 4431 1592 4528 else
1634 4422 1860 4532 arbitratus
1900 4416 1989 4513 est'..
