4472 5858
577 523 1051 623 Mucuirrct
1110 501 1404 620 Vrr'a''
1520 499 1583 637 pr?

304 743 544 838 humanum
576 751 705 866 caput
734 749 906 842 lanceae
937 747 1177 870 praefixum
1205 745 1384 836 allatum
1416 739 1578 850 fuerat,
1610 743 1652 834 bi

303 885 407 979 cum
437 919 492 980 eo
520 889 710 1006 undique
741 917 1089 1001 concurreretur,
1109 919 1259 980 omnes
1277 885 1317 977 se
1350 887 1650 978 Mediceorum

301 1031 476 1146 injurias
504 1030 748 1124 defensuros
764 1099 776 1142 ,
809 1043 849 1126 δε
884 1037 955 1126 uel
992 1037 1350 1154 propinquiorum
1384 1026 1543 1118 cafibus
1586 1031 1653 1117 in-

297 1171 607 1296 dignissimum'
628 1171 793 1264 facinus
828 1173 939 1268 sese
971 1181 1213 1296 expiaturus
1243 1159 1496 1268 ostendunt.
1532 1174 1652 1262 Tou

300 1321 404 1408 urbe
446 1319 576 1407 etism
607 1317 968 1411 'conclamabatur
997 1320 1115 1436 pilae
1142 1325 1280 1440 pilus,
1318 1317 1436 1436 quod
1467 1311 1526 1405 est
1556 1313 1652 1404 Me*

302 1460 446 1550 dicere
480 1457 666 1552 familiae
702 1463 887 1582 infigne,
918 1459 1230 1580 proditoresque
1261 1481 1464 1578 pereant.
1507 1459 1654 1588 Atque

302 1603 433 1692 etiam
470 1599 800 1722 supplicationes
851 1605 951 1696 Deo
984 1605 1225 1694 'immortali
1259 1605 1443 1698 indiciae
1473 1599 1653 1696 fuerunt

301 1771 477 1864 propter
518 1745 723 1835 servatam
771 1747 1006 1839 Laurentio
1049 1751 1218 1855 viram,
1249 1773 1375 1863 atque
1417 1775 1492 1863 per
1540 1741 1653 1833 sunu

222 1963 225 1972 .
302 1917 399 1978 mos
430 1883 616 1978 artifices
664 1885 852 2004 sculptae
895 1887 1096 2000 ejusdem
1133 1896 1378 2010 imagines,
1415 1915 1523 2002 quse
1556 1904 1649 1972 tsn-

304 2057 436 2144 quam
479 2030 631 2119 votiva
670 2057 955 2120 monumenta
994 2029 1075 2120 aris
1121 2021 1474 2152 suspenderentur
1514 2028 1643 2144 (Sol.

301 2167 494 2258 Tantam
517 2169 863 2262 benevolentiam
882 2183 921 2264 δι
940 2171 1074 2263 fidem
1091 2177 1260 2282 civium
1292 2161 1519 2289 suspiciens
1538 2168 1648 2256 Lau·

302 2313 493 2418 tentius,
535 2339 689 2402 eorum
722 2313 898 2404 ¹animos
937 2317 1133 2438 cretione
1165 2312 1489 2404 confirmandos
1530 2301 1655 2430 puts·

300 2451 394 2544 vit.
430 2453 577 2567 Ita'que
607 2453 722 2572 apud
762 2456 975 2574 populum
1009 2449 1326 2547 concinnitur.-
1361 2456 1543 2568 injurias
1575 2455 1656 2544 tut·

303 2595 497 2684 sticarum
525 2595 645 2713 inse
673 2597 978 2708 commentatae,
1022 2627 1051 2686 a
1090 2598 1241 2716 quibus
1280 2595 1439 2688 Paetus
1478 2592 1658 2714 aliosque

302 2733 487 2824 didulios
523 2734 582 2839 (γ’
621 2738 870 2857 depraecetur
911 2743 1115 2858 queritur
1156 2741 1321 2832 invidia
1361 2761 1490 2858 atquc
1524 2731 1657 2826 obtre-

301 2874 489 2985 liatioue·
511 2879 653 2968 lucedis
671 2881 810 2996 strae,
845 2883 1022 2998 quarum
1060 2882 1145 3002 ipfit
1175 2875 1316 3002 borreti
1356 2881 1413 2986 dr
1457 2879 1657 3000 dignitati

176 3093 178 3098 .
292 3017 463 3136 suuper
490 3021 664 3138 juverit
705 3021 956 3140 deprecorque
995 3023 1180 3142 ficerit;
1218 3019 1428 3148 p'tfflmum
1461 3019 1656 3114 introdu-

304 3162 412 3292 lium
431 3167 663 3278 exemplata
692 3165 825 3272 dolet,
854 3191 905 3255 ut
928 3197 1009 3256 narr
1028 3161 1174 3282 aperte
1201 3171 1332 3258 armis
1354 3158 1652 3270 dimituntur,

291 3297 379 3417 sed
409 3307 575 3392 occultis
619 3304 774 3420 irfidiit
803 3307 863 3410 &¹
887 3293 1083 3398 -omuium
1120 3311 1357 3399 divinorum
1394 3305 1454 3412 &¹
1504 3303 1649 3395 hcrma-

301 3471 452 3538 ncrum
489 3447 656 3559 jurium
694 3447 897 3562 everfioue
943 3460 989 3542 iu
1036 3453 1240 3544 libertatis
1282 3483 1418 3544 arcem
1469 3453 1654 3542 irruere·

302 3611 380 3680 tur
395 3623 413 3688 ,·
429 3583 513 3702 fili
542 3589 713 3707 semper
746 3591 1007 3710 Reipublicae
1038 3585 1223 3710 primam
1245 3583 1393 3714 'fuiſjc'
1414 3579 1659 3712 drssgrtitatem
1784 3669 1787 3675 ,

298 3733 477 3851 vitaque
488 3730 688 3844 'potiorem
697 3767 716 3831 ,·
743 3735 806 3820 ad
834 3735 968 3828 amnia
987 3731 1040 3854 si
1069 3727 1316 3858 descendere
1336 3757 1559 3859 paratam,
1590 3752 1657 3820 at·

181 3949 184 3954 .
282 3889 383 3990 ‘que
425 3877 560 3963 culnia
583 3877 678 3990 pati
709 3878 863 3992 publici
889 3871 1098 3968 'cumbaudi
1133 3879 1404 3998 publicaeque
1441 3874 1655 3994 tranquil·

300 4017 438 4105 litatis
467 4018 597 4137 rauba
614 4055 632 4118 ‚·
650 4021 703 4133 se
732 4023 844 4111 nibil
868 4053 948 4112 stou
975 4022 1126 4110 debere
1163 4025 1240 4130 iis,
1275 4025 1352 4141 qui
1383 4020 1653 4136 existimatio·

300 4185 395 4244 rtem
428 4159 753 4279 digiiiruteutque'
771 4159 897 4279 suem
925 4167 977 4256 ab
1004 4169 1181 4257 iniurius
1223 4165 1520 4280 defenderent,
1548 4177 1652 4246 tent·
1693 4179 1697 4187 “

292 4301 529 4412 petundum
576 4287 717 4393 carnea
748 4311 1056 4422 severitatem,
1109 4334 1245 4421 neque
1287 4306 1506 4426 grauiter'
1538 4299 1643 4390 adeo

299 4441 560 4556 irascendum
588 4443 800 4554 inimicis,
816 4477 869 4536 ae
897 4451 1061 4567 quiris
1093 4477 1235 4538 statere
1252 4451 1305 4567 se
1321 4447 1526 4566 sperent,
1561 4445 1656 4538 Rei·
