4492 5860
499 561 507 572 ·
632 527 1104 624 Mamurra
1156 521 1378 617 Vtra
1555 485 1608 611 vtlt

318 735 690 872 ‘temporanea
718 771 839 838 metu
869 748 1018 840 anxius
1049 739 1297 838 Francilcus
1342 743 1508 832 Pollius
1544 739 1672 830 moli·

331 896 400 1002 ri,
430 922 602 1012 parare,
638 917 763 1012 atque
802 921 851 982 ea
872 888 1015 982 modo
1045 891 1092 980 in
1125 889 1273 981 animo
1301 883 1482 991 habere,
1517 883 1673 1000 quibus

269 1070 272 1073 ·
331 1031 538 1126 Medicei-
553 1031 701 1128 fratres
726 1065 800 1155 per
834 1033 985 1126 dolum
1021 1027 1388 1156 interficerentur.
1413 1026 1675 1118 Florentiam

331 1180 452 1270 venit
486 1175 775 1270 confirmandi
804 1173 979 1268 suorum
1011 1175 1178 1266 animos
1208 1167 1368 1280 caussa,
1395 1198 1535 1288 neque
1565 1165 1676 1256 mul·

333 1343 385 1412 to
414 1318 507 1438 poll
538 1321 729 1410 Romam
758 1319 888 1410 rediit
918 1319 1076 1410 iterum
1112 1317 1269 1408 auxilia
1297 1345 1321 1404 a
1345 1310 1557 1412 Pontifice
1587 1311 1675 1400 im·.

336 1463 609 1584 ploraturus.
641 1455 738 1552 Post
772 1461 818 1550 id
847 1461 1146 1552 maturandam
1177 1491 1267 1552 reru
1299 1455 1584 1553 existimavitr
1613 1481 1679 1544 re·

330 1601 555 1733 versusque
570 1615 574 1625 ’
590 1603 884 1712 Florentiam,
916 1635 1002 1724 quo
1039 1611 1169 1698 etiam
1208 1607 1437 1696 advenerat
1462 1598 1674 1690 Salviatus

331 1745 722 1864 Archiepiscopus,
742 1745 1015 1861 conjuratos,
1039 1779 1144 1840 cum
1173 1729 1334 1868 ouibus¹
1358 1740 1532 1864 singulis
1561 1737 1677 1853 mul,

329 1911 375 1980 ta
415 1883 535 2008 saepe
574 1913 745 2004 egerat,
786 1887 1004 1982 universos
1045 1916 1262 1996 convocat
1297 1893 1343 1980 in
1389 1885 1676 1978 suburbanam

330 2029 485 2145 Jacobi
517 2029 649 2118 Parui
686 2030 868 2140 villam,
902 2061 1032 2148 quarn
1075 2030 1392 2152 Montughium
1432 2025 1676 2147 appellant.

301 2167 400 2261 'Eo
443 2199 682 2260 convenere
728 2197 893 2290 praeter
946 2159 1333 2291 Arebiepiscopum
1382 2179 1426 2262 δι
1464 2167 1676 2280 Jacobum

330 2309 474 2432 ipsum
504 2313 596 2402 bini
630 2313 782 2424 Jacobi
827 2314 1034 2424 Salviati,
1070 2345 1258 2433 quorum
1298 2315 1404 2408 alter
1443 2309 1673 2428 Arcbiepi·

155 2531 164 2542 ,
305 2449 469 2574 scopo·
493 2451 623 2545 frater
652 2481 765 2566 etat,
783 2458 889 2550 alter
913 2455 1141 2578 patruelis,
1160 2453 1394 2575 quibusque
1416 2457 1559 2574 quieta
1580 2481 1695 2544 mov

330 2627 428 2689 vere
456 2625 609 2718 magna
651 2627 811 2692 merces
849 2601 1107 2708 videbatur,
1151 2597 1388 2690 Bernardus
1431 2590 1692 2688 Bandinius.

331 2745 375 2832 ἃ
418 2735 620 2857 Napoleo
650 2739 891 2832 Franzesrus
932 2738 1304 2852 Geminianensrs,
1333 2739 1531 2832 homines
1560 2733 1674 2826 sunt·

190 2997 198 3014 .
313 2899 423 2972 'mae
439 2880 663 2991 audaciae,
697 2909 897 3003 egentes,
925 2879 1085 2975 fatuofi
1125 2915 1176 2978 ac
1212 2887 1348 2982 ‚omni
1376 2881 1536 3004 probro
1564 2906 1671 2970 coo·

327 3027 463 3142 perti,
493 3023 681 3134 ,lacobus
719 3006 947 3144 Poggius,
966 3028 1042 3144 qui
1082 3028 1130 3117 in
1169 3029 1348 3148 gratiam
1391 3032 1434 3117 rr
1478 3020 1673 3115 savorem

330 3163 576 3254 Paeliorum
605 3189 779 3256 venerat
808 3195 899 3268 non
929 3167 1149 3275 dour-im,
1176 3195 1259 3286 qua
1288 3167 1484 3258 excultus
1511 3188 1673 3282 apatre

334 3301 633 3398 litteratilsrmo
662 3304 826 3417 suerat,
867 3305 938 3398 sed
984 3307 1171 3398 levitate·
1199 3309 1335 3398 animi
1394 3335 1445 3400 ac
1488 3303 1688 3432 libidine'

332 3441 617 3566 permiscendi
640 3451 814 3556 omnia,
842 3449 1127 3568 omnibusque
1160 3449 1468 3558 maledicendi,
1498 3450 1575 3566 qui
1596 3475 1672 3538 cu·

305 3585 583 3706 apiditatibus
626 3587 713 3680 luis
753 3587 943 3682 obsistere
975 3589 1090 3710 posse
1130 3593 1408 3702 videbantur,
1444 3593 1669 3684 Antonius

329 3729 527 3846 Maffejus
559 3731 865 3822 Volaterranos
907 3731 1183 3849 Apostolicus
1217 3732 1424 3857 scriptor,
1453 3765 1584 3856 quem
1614 3732 1671 3826 ad

314 3873 656 3994 'perturbandam
670 3913 674 3920 ·
688 3877 1019 3996 Rempublicam
1051 3897 1262 3968 nontam
1291 3881 1442 3999 inopia
1473 3910 1524 3970 ac
1565 3879 1670 3974 mali

324 4043 468 4106 morer
496 4011 790 4126 stimulabant,
809 4049 938 4138 quam
962 4021 1114 4116 odium
1132 4025 1179 4116 in
1201 4024 1484 4118 Laurentium
1505 4023 1563 4116 ob
1577 4047 1670 4110 mc·

324 4158 510 4246 moriam
544 4147 862 4272 calamitatum,
891 4165 1098 4283 quasillo
1129 4169 1288 4284 patriae
1315 4162 1410 4258 suae
1438 4128 1668 4270 intulersn

325 4297 563 4416 Stephanm
580 4301 791 4394 Sacerdos·
806 4303 901 4420 (72)
923 4307 1090 4416 Jacobo
1115 4309 1259 4396 Patrio
1275 4307 1329 4398 ab
1346 4303 1552 4426 epistolis,
1567 4303 1669 4398 Deo

327 4437 660 4562 bominibusque
673 4441 871 4556 infestus,
893 4447 1011 4567 quod
1034 4453 1082 4542 in
1098 4477 1153 4546 eo
1176 4447 1285 4544 nibil
1315 4445 1447 4548 suerit
1473 4471 1667 4568 unquam
