4492 5860
624 436 683 522 62
802 424 1298 520 arantum
1348 420 1713 531 Mrntcrt

567 641 730 744 callum
759 673 809 736 ac
849 641 1127 768 religiosum,
1161 653 1202 752 &
1246 647 1429 764 joannes
1462 647 1645 774 Baptista
1673 653 1715 746 'e
1752 645 1913 747 Monte

569 793 727 898 Sicco,
763 787 839 910 qui
882 785 1019 907 speeie
1071 791 1261 910 agitandi
1302 793 1477 888 confilia
1529 825 1634 887 com
1673 795 1910 890 Laurentio

567 935 790 1060 Pontificis
815 940 993 1030 nomine
1022 937 1075 1030 de
1104 939 1229 1030 rebus
1260 938 1473 1030 Aemiliae
1501 936 1676 1058 aliisque
1696 937 1879 1057 publicis
1893 995 1925 1045 ,x

566 1086 613 1172 ln
642 1083 814 1180 Etruria
843 1080 1108 1185 consederat.
1127 1085 1230 1174 Erat
1259 1085 1294 1172 is
1325 1084 1470 1202 magni
1500 1083 1565 1172 vir
1595 1084 1758 1204 ingatii
1781 1105 1909 1201 atque

569 1223 759 1337 confini,
790 1235 828 1320 δι
858 1257 961 1320 cum
990 1226 1148 1318 voluer
1175 1255 1346 1347 quoque
1376 1224 1549 1319 scientia
1578 1230 1638 1318 rei
1682 1225 1910 1335 militarie,

569 1373 609 1463 ei
639 1373 825 1472 maxime
855 1367 1072 1466 confidere
1102 1367 1328 1502 videbatur
1350 1371 1520 1466 Riarius
1550 1369 1741 1464 Comes.
1774 1369 1811 1458 la
1840 1393 1909 1457 ca·

566 1541 674 1637 ptus
712 1513 817 1606 adeo
847 1508 969 1606 fuisse
1010 1515 1170 1608 dicitur
1210 1509 1480 1609 humanitate
1529 1521 1569 1607 δι
1612 1509 1911 1607 munificentia

568 1659 819 1768 Laurentii,
841 1683 893 1750 ut
922 1657 1057 1754 ferme
1086 1662 1282 1780 abjecerit
1299 1659 1562 1780 propofitum
1595 1656 1769 1750 favendi
1804 1679 1913 1764 cong,

567 1803 806 1922 juratorum
844 1802 1045 1922 inceptis.
1077 1803 1211 1898 Fuere
1258 1805 1332 1896 alii
1375 1805 1520 1924 paullo
1553 1803 1768 1896 occultius
1797 1798 1910 1888 indi·

569 1943 752 2074 gniffimi
794 1944 959 2039 confilii
999 1951 1249 2068 participet,
1288 1949 1443 2068 quibus
1487 1945 1790 2038 Mediceorum
1833 1973 1911 2063 po·

571 2092 707 2184 tentia
741 2115 816 2180 aut
844 2087 1124 2182 formidolosa
1153 2117 1229 2182 aut
1257 2085 1404 2184 odiosa
1433 2112 1545 2197 erat,
1573 2085 1804 2206 quibusque
1834 2087 1913 2177 Pa-

571 2231 646 2320 ffli
675 2227 981 2348 persuaserant,
1011 2232 1043 2323 st
1074 2233 1318 2350 conjuratio
1348 2225 1563 2338 valuisset,
1595 2231 1799 2348 gratiam,
1832 2217 1911 2322 lto·

572 2399 698 2466 nores
728 2399 854 2490 atque
883 2373 1054 2464 divitias
1084 2377 1196 2494 apud
1226 2377 1325 2468 illos
1356 2373 1473 2467 fore.
1508 2377 1644 2492 Qod
1676 2377 1805 2469 nimis
1835 2369 1912 2462 diu

575 2513 810 2637 agitatum,
835 2511 1105 2636 pluribusque
1136 2541 1406 2640 compertum
1436 2547 1548 2631 erat,
1580 2519 1705 2610 facile
1734 2518 1786 2606 ad
1817 2515 1913 2606 Me·

576 2661 801 2751 dicentum
834 2689 955 2754 aures
981 2659 1263 2782 peruenisset,
1294 2663 1372 2754 nist
1402 2661 1496 2755 suae
1530 2665 1595 2752 illi
1614 2664 1800 2756 nimium
1824 2656 1911 2750 for·

574 2825 701 2891 tunae
744 2800 1037 2898 confidissent.
1075 2810 1236 2900 lnterea
1276 2831 1445 2927 tompus
1487 2807 1663 2900 advenit
1702 2803 1915 2926 patrando

573 2939 720 3037 sceleri
752 2942 1028 3040 destinatum.
1058 2947 1315 3070 Opportuna
1344 2949 1511 3042 occaso
1553 2949 1640 3042 visa
1684 2945 1740 3041 est
1769 2955 1916 3038 unum¹

572 3089 621 3182 ln
651 3087 802 3182 locum
831 3093 1122 3225 congregandi
1151 3091 1299 3188 frames
1328 3091 1552 3184 Mediceos
1582 3093 1791 3191 adventus
1820 3091 1908 3182 Ra·

574 3229 734 3350 phaelis
763 3237 927 3347 Riarii,
957 3240 1034 3356 qui
1073 3241 1217 3360 paullo
1246 3263 1369 3346 ante,
1405 3235 1513 3332 dum
1543 3233 1644 3328 Pifis
1675 3229 1913 3327 Pontificio

576 3371 659 3488 juri
700 3403 874 3494 operam
903 3377 1060 3490 dabat,
1090 3384 1283 3499 quamvis
1312 3381 1366 3472 ad
1394 3411 1526 3473 omne
1565 3377 1806 3474 studiorum
1832 3401 1905 3492 ge·

574 3531 655 3608 nus
684 3513 782 3608 esset
812 3517 1112 3639 ineptiffimus,
1142 3520 1407 3633 Cardinalis,
1442 3519 1731 3644 &Spoletini
1763 3519 1910 3607 Duca-

574 3681 644 3748 tus
675 3659 941 3780 aliorumque
971 3663 1171 3756 locorum
1193 3666 1375 3787 Legatos
1399 3661 1634 3756 declaratus
1655 3663 1822 3760 fuerat;
1846 3661 1911 3750 ni·

572 3797 636 3890 hil
658 3805 774 3893 enim
797 3799 960 3900 effufius
982 3835 1068 3900 erat
1096 3795 1364 3932 indulgentia
1381 3805 1606 3904 Pontificio
1633 3809 1678 3896 in
1697 3801 1816 3896 suos.
1835 3801 1911 3892 lllo

574 3941 771 4038 conscius
805 3945 890 4064 jam
920 3950 1183 4068 perditorum
1224 3950 1502 4053 confiliotum
1532 3981 1636 4043 cum
1680 3939 1912 4039 divertisset

574 4091 627 4181 ad
658 4089 809 4202 Jacobi
840 4093 970 4184 Paclli
1010 4094 1189 4205 villam,
1231 4123 1360 4214 quam
1391 4096 1512 4218 supra
1552 4073 1911 4187 commemoraui·

575 4259 696 4340 mus,
725 4226 841 4330 mist
870 4240 1115 4351 hominem,
1147 4237 1224 4360 q'ui
1254 4240 1473 4334 nuntiaret
1501 4239 1735 4352 Laurentio
1763 4239 1810 4362 &¹
1835 4233 1910 4343 Ju-

576 4371 693 4472 liaoo
723 4377 833 4481 uelle
862 4378 904 4473 se
933 4383 980 4480 in
1010 4375 1241 4480 Faesulano
1267 4383 1367 4480 illos
1397 4386 1655 4497 convenire.
1686 4376 1910 4472 instruitur
1943 4400 1946 4406 ·

918 4727 937 4769 O
