4474 5858
538 491 1007 584 Maourrrcr
1067 491 1284 586 Vtra
1478 527 1559 608 ¹79

280 708 401 797 enim
435 708 514 828 qui
539 707 738 800 favebant
768 713 1006 802 Oilaviano
1037 709 1286 804 Mansrerlio
1321 711 1471 802 Caroli
1499 709 1620 818 filio;

275 857 318 940 δι
357 848 719 970 Cutignolenses,
757 849 1040 970 superbientes
1074 851 1423 965 Sfortianorum,
1464 855 1621 971 quibus

279 1017 424 1084 ortum
454 995 680 1104 dederant,
710 1000 950 1115 patrocinio
990 997 1137 1114 exigui
1179 998 1349 1112 imperii
1391 994 1499 1088 finer
1546 997 1622 1086 Fa·

276 1137 553 1228 ventinorum
596 1139 857 1228 detrimento
903 1135 1087 1257 proferre
1133 1139 1400 1257 cupiebant.
1441 1135 1621 1228 Horum

274 1301 454 1368 conatus
484 1307 566 1396 qua
624 1282 695 1388 vi,
744 1309 832 1398 qua·
865 1280 1113 1372 tutioritate
1152 1276 1406 1398 compressit
1435 1279 1622 1370 Lauren·

230 1505 235 1514 .
275 1417 362 1508 tius
394 1415 791 1540 (190),'effecitque
819 1447 870 1512 ut
901 1418 1125 1540 Astorgius
1157 1426 1376 1514 neminem
1419 1423 1621 1514 omnium

275 1559 410 1678 pluris
438 1592 567 1680 quant
597 1561 639 1658 se
679 1561 860 1670 faceret,
891 1591 1020 1682 quem
1050 1566 1232 1680 parentis
1261 1565 1362 1658 loco
1393 1561 1433 1656 se
1478 1591 1621 1685 perpe·

275 1726 355 1792 tuo
383 1703 630 1794 habiturum
659 1701 913 1796 affirmabat.
946 1707 992 1794 Si
1017 1705 1080 1814 ei,
1106 1711 1179 1796 cui
1204 1704 1476 1798 amicisfimus
1506 1731 1620 1810 etat,

275 1845 479 1936 inimicus
518 1840 689 1951 fuisset,
736 1842 903 1936 sortasse
959 1847 1205 1938 Florentina
1248 1847 1502 1966 Respublica
1547 1847 1620 1934 pa,

276 1986 552 2078 rentinorum
582 1985 746 2080 ditione
787 1990 924 2106 potita
960 1985 1086 2098 eslet,
1121 1990 1175 2080 od
1217 1989 1335 2107 quod
1378 1989 1621 2080 multorum

277 2124 454 2216 confilia
484 2125 600 2248 saepe
636 2127 897 2248 speuamnt:
938 2127 1010 2220 sed
1051 2126 1136 2246 ipse
1179 2155 1253 2220 aut
1290 2131 1433 2222 noluit
1477 2129 1620 2216 datam

277 2263 412 2358 fidem
442 2271 626 2379 violare,
656 2297 731 2364 aut
761 2299 857 2364 tum
901 2272 1079 2360 minime
1122 2295 1419 2387 opportunum
1453 2273 1623 2386 putavit

279 2405 552 2506 Florentinos
586 2411 683 2506 suos
719 2441 838 2506 novo
880 2413 1092 2532 implicari
1133 2411 1278 2520 bello,
1316 2419 1357 2502 δι
1388 2407 1626 2501 discordia-r

278 2579 385 2661 rum,
421 2551 602 2646 caussam
654 2585 760 2646 eum
807 2551 1019 2646 Pontifice
1072 2552 1255 2642 habere.
1302 2553 1623 2672 Triumphabat

279 2692 365 2798 hoc
396 2692 513 2814 ipso,
543 2697 660 2814 quod
690 2700 807 2790 illius
838 2698 1063 2787 voluntate
1094 2699 1135 2782 δι
1163 2694 1338 2784 arbitrio
1371 2699 1518 2784 omnia
1550 2727 1621 2812 ge·

278 2840 315 2926 ri
344 2841 389 2926 in
418 2838 535 2926 ltalia
564 2837 840 2932 videbantur.
876 2837 983 2926 Non
1015 2837 1161 2924 minus
1189 2835 1254 2922 illi
1285 2863 1414 2922 curae
1442 2833 1621 2926 suerunt

278 3009 342 3072 res
372 2977 673 3084 Balionorum,
705 2979 780 3091 qui
824 2978 876 3066 ab
917 2974 1055 3065 Oddis
1098 2971 1391 3066 crudelissimis
1441 2977 1617 3066 illorum

279 3123 499 3228 inimicit,
529 3125 570 3208 δι
599 3147 623 3206 a
652 3113 864 3208 Pontifice
895 3147 918 3207 e
948 3118 1236 3236 gubernaculo
1277 3117 1463 3208 civitatis
1492 3117 1619 3208 Peru·

278 3257 359 3353 stae
388 3259 537 3376 dejeui
560 3258 757 3352 fuerant.
781 3259 1024 3375 Nunquam
1053 3257 1118 3346 bis
1148 3258 1413 3374 temporibus
1443 3287 1619 3377 recupeo

277 3427 425 3496 aarunt
455 3403 488 3491 ii
516 3397 733 3518 pristinam
762 3403 1054 3492 ausloritatem
1084 3398 1473 3516 dominatumque,
1511 3405 1618 3518 quin

146 3569 152 3584 '
278 3547 325 3638 id
354 3545 578 3638 retulerint
604 3567 832 3662 acceptum
863 3538 1048 3630 corrsrliis
1083 3545 1124 3628 δι
1155 3536 1345 3630 sulsidiis
1375 3541 1617 3650 Laurentii,

279 3716 359 3806 qua
389 3691 435 3778 in
466 3714 511 3777 te
542 3713 749 3803 magnum
780 3677 940 3800 semper
971 3681 1124 3772 odium
1155 3685 1269 3773 Sitti
1297 3681 1523 3780 Pontificio
1554 3681 1577 3774 s
1603 3731 1619 3752 ·

278 3825 438 3948 scepit.
471 3831 707 3946 lmperante
738 3854 842 3916 vero
871 3825 1157 3931 maurentio,
1188 3853 1348 3942 magno
1390 3854 1516 3944 opere
1560 3826 1619 3934 se·

279 3975 372 4080 cit,
400 3999 452 4062 ut
482 4001 582 4062 eum
613 3993 814 4086 paratum
841 3963 1066 4070 baberent,
1098 3987 1374 4082 tenerentque
1406 3970 1452 4056 in
1483 3975 1618 4085 patria

280 4114 529 4230 principem¹
556 4111 732 4212 locum,
761 4133 1003 4222 quanquam
1034 4098 1147 4221 ipse,
1178 4107 1255 4222 qui
1284 4103 1375 4217 jura
1405 4107 1526 4198 Sedis
1555 4116 1617 4202 Α.

279 4250 507 4369 postolieae
530 4251 637 4342 teila
663 4247 743 4342 esse
773 4246 967 4352 volebat,
999 4241 1162 4332 miserit
1190 4271 1243 4334 eo
1267 4241 1500 4359 Legatum,
1519 4283 1614 4346 coe.

286 4395 481 4513 geritque
507 4393 648 4500 cives,
672 4414 724 4484 ut
749 4385 936 4508 jurarent
968 4383 1220 4476 Romanurn
1258 4381 1518 4494 Pontificem
1553 4425 1616 4492 re.

164 4541 165 4544 ‘
1132 4527 1170 4616 Z
1203 4557 1227 4616 2
