4474 5858
641 457 723 514 212
843 423 1328 520 LauuaNr1r
1390 411 1753 520 Maur'crs

582 641 647 730 dio
666 643 915 764 satisfacere
945 644 1129 738 brevitas
1158 652 1245 769 ipfia
1273 655 1319 740 iu
1351 647 1589 766 transcursu
1623 679 1703 737 aou
1728 665 1924 764 poterat,

571 793 731 906 partim
763 795 885 880 etiam
918 818 1061 878 amoro
1097 795 1301 908 quaedam
1338 794 1504 884 dulcedo
1529 789 1737 911 quasique
1775 793 1923 878 titilla-

582 935 641 1019 tio
672 935 831 1044 impulit
863 934 1121 1044 recolendae,
1149 935 1572 1055 frequeutoaadaeque
1608 937 1698 1049 ejus
1726 935 1811 1021 uiri
1837 959 1925 1018 me·

584 1076 760 1182 moriae,
782 1079 847 1164 etei
862 1074 909 1191 st
925 1100 1074 1194 parem
1090 1075 1347 1198 foluilemque
1371 1081 1503 1198 oadlra
1524 1105 1642 1170 oetas
1669 1105 1795 1168 uuum
1805 1071 1927 1192 forte

459 1200 461 1206 ¹
585 1237 713 1335 atque
744 1223 926 1309 alterum·
953 1229 1052 1336 tulit
1067 1287 1078 1332 ,
1089 1223 1216 1341 potul
1240 1222 1432 1314 audader
1455 1217 1544 1334 jam
1562 1221 1613 1311 de
1621 1219 1840 1339 splendore
1858 1248 1929 1306 ua-

586 1359 710 1449 miuis
743 1359 800 1465 dr
826 1369 990 1480 glorta,
1020 1395 1109 1454 cum
1131 1355 1332 1480 uetustate
1357 1397 1514 1486 quoque
1544 1366 1630 1482 ipsa
1660 1353 1925 1454 contendere.

588 1509 694 1590 Vale
719 1533 790 1592 xv.
806 1507 1181 1626 KaleudosJouioo
1207 1539 1431 1602 mccccxcu.
1452 1512 1496 1598 iu
1515 1503 1928 1624 Faesulauorusoulm

587 1647 768 1736 luteritu
804 1651 912 1738 tauti
943 1652 1024 1738 viri
1057 1652 1308 1772 dignitatem
1345 1653 1621 1771 Reipublicae
1658 1651 1930 1738 florentinae

573 1786 845 1908 ⁸diminutam
889 1825 1038 1884 omnes
1081 1799 1303 1888 dolebant:
1352 1791 1603 1886 alieniffimu
1642 1782 1926 1922 Reipublicae

586 1954 778 2048 tempore
820 1940 1029 2028 extinuus
1070 1947 1111 2030 &
1155 1941 1413 2032 austeritatis
1455 1945 1496 2029 ἃ
1537 1937 1792 2051 prudentiae
1830 1927 1929 2020 suae

587 2071 702 2164 triste'
735 2079 934 2168 omnibus
966 2079 1219 2172 defidcrium
1249 2085 1445 2200 reliquit.
1478 2079 1646 2170 Nullus
1678 2077 1928 2166 Italicorum

592 2243 687 2306 non·
716 2221 876 2328 modo,
907 2218 976 2312 sed
1009 2227 1136 2315 etiam
1168 2226 1490 2342 Europaeorum‘
1528 2221 1780 2339 Principum
1822 2218 1934 2309 exti-

588 2364 669 2466 tit,
706 2365 780 2476 qui
812 2362 969 2452 autad
1013 2366 1187 2458 Petrum
1217 2367 1385 2481 filium,
1425 2393 1507 2459 aur
1537 2367 1590 2458 ad¹
1620 2369 1824 2456 Senatum
1857 2361 1934 2450 lit·

588 2521 696 2590 teras
735 2503 896 2592 doloris
935 2508 1077 2621 plenas
1119 2539 1209 2600 nou
1237 2505 1445 2627 scripserit
1480 2512 1537 2602 ob
1567 2511 1789 2602 Lauren-tii
1819 2508 1933 2592 inte-

588 2642 748 2752 ritum,
779 2643 892 2761 quafi
924 2676 1026 2736 cum
1050 2665 1109 2740 cu
1146 2645 1232 2766 spes
1275 2681 1425 2743 omues
1467 2651 1749 2745 concidillenu
1779 2644 1933 2758 (2119).

589 2784 711 2876 Mifit
752 2789 1014 2880 Florentiam
1059 2793 1284 2884 Romanus
1331 2793 1539 2884 Pontifex
1575 2817 1763 2884 oratores·
1792 2785 1935 2896 luos,

488 3021 497 3032 .
588 2925 707 3016 misit
736 2929 1127 3050 Neapolitanorum
1172 2939 1270 3024 Rex
1310 2933 1634 3043 Feminarum,
1662 2935 1738 3050 qui
1779 2931 1939 3020 certior

590 3061 732 3158 factus
762 3071 819 3162 de
844 3101 985 3166 morte
1026 3079 1245 3168 Laurentii
1275 3081 1337 3167 ita·
1364 3079 1559 3185 aulicos,
1589 3078 1664 3196 qui
1695 3073 1824 3164 ullum
1853 3071 1942 3159 cir-

594 3211 886 3324 cumstabant,
917 3221 1131 3312 allocutus
1150 3219 1336 3310 dicitur.
1370 3219 1479 3306 Satis
1495 3213 1580 3328 fibi
1605 3215 1939 3311 uiriuouurtoll-

592 3373 684 3444 tato
713 3354 961 3476 diguifflmus·
987 3365 1132 3470 vixit,
1155 3359 1239 3479 sed
1261 3383 1413 3478 paruae
1453 3361 1637 3448 ltaliae.
1671 3358 1842 3455 {lainam
1867 3383 1941 3443 ue-

589 3501 716 3614 quo's,
740 3527 787 3588 eo
819 3499 977 3614 reblata,
1006 3505 1202 3594 molatur
1216 3531 1346 3620 quae,
1366 3505 1489 3610 vivo,
1514 3524 1683 3592 tentare
1711 3498 1838 3615 austes·
1859 3527 1949 3586 noa*-

579 3636 727 3752 foiffer
749 3711 763 3730 .
789 3643 895 3753 Quo
925 3645 1041 3734 dicto
1073 3675 1174 3734 eum·
1218 3643 1417 3734 iudicaffe
1452 3674 1502 3732 ac
1545 3639 1789 3762 praevidille
1830 3665 1944 3758 putu

591 3783 813 3868 temeraria·
844 3781 1032 3871 consilia
1064 3777 1282 3875 Ludovici
1312 3783 1499 3876 Sfortiae
1517 3789 1617 3903 ⁷qui
1647 3789 1693 3874 in
1726 3785 1865 3874 ltaliae
1889 3809 1945 3868 u-

590 3913 783 4008 niversae·
809 3922 993 4012 exitium
1024 3921 1142 4014 luam
1174 3929 1427 4020 dominandi
1458 3929 1738 4048 cupiditatem
1770 3947 1937 4012 vertere

589 4090 682 4152 uon
713 4059 948 4154 dubitavit.
969 4063 1027 4154 Et
1056 4061 1150 4156 saue
1182 4071 1274 4184 quis
1306 4073 1475 4188 ignorat
1507 4069 1815 4160 obadventum
1833 4063 1943 4150 Gal-

590 4206 733 4300 lorum
763 4207 1036 4296 Proviuciam
1072 4205 1407 4296 florentiffimam
1438 4245 1486 4294 ea
1516 4209 1671 4324 pallam
1700 4205 1800 4313 elle,
1827 4233 1941 4319 quae

591 4345 898 4467 crudeliorum-
930 4353 1097 4446 animos
1132 4345 1360 4467 potuiffeut
1394 4379 1698 4458 commovere¹
1730 4343 1948 4472 expulsam
