4492 5860
497 481 1395 582 .:.Muumcrzvm-·
1530 521 1605 602 ·45

304 737 454 804 :nani
486 707 707 803 bauren'tii
767 709 1038 830 prudentiam
1092 705 1147 796 ad
1193 708 1359 800 caelum
1408 703 1668 822 editebent,

327 854 445 974 quod
481 851 696 948 salutaria
726 849 900 943 consilia
937 847 1165 962 'dedillet,
1204 881 1333 970 eaque
1375 849 1669 972 praedixillet,

304 1027 435 1116 „quae
475 996 531 1084 'ad
577 999 746 1088 exitum
784 999 971 1086 omnino
1010 995 1322 1114 pervenerunt.
1369 997 1457 1116 lpse
1498 1019 1668 1102 tamen,

329 1138 447 1257 qnod
482 1169 575 1254 earn
604 1141 860 1260 praeclaram
890 1143 1114 1234 vistoriam
1144 1141 1327 1233 dueebet
1342 1171 1369 1252 ,·
1392 1145 1439 1232 in
1467 1167 1549 1259 qua
1573 1138 1670 1254 plue

160 1274 162 1278 ’
209 1301 211 1306 ’
331 1280 443 1386 εΙῘεῑ,
466 1285 718 1388 clementiae
760 1315 889 1402 quern
933 1283 1218 1396 crudelitatis,
1249 1313 1340 1376 non
1383 1308 1548 1404 poterat
1579 1308 1670 1371 non

332 1433 515 1519 execrari
556 1429 855 1548 praedatorum
903 1428 1251 1547 direptorumque
1280 1425 1521 1536 saevitiam,
1553 1425 1670 1516 dole·

330 1571 484 1690 batque
514 1557 624 1660 hane
656 1569 731 1697 fibi
781 1572 929 1691 culpae
959 1575 1072 1663 verti
1101 1603 1125 1660 a
1154 1572 1404 1682 nonnulliS,
1447 1575 1522 1690 qui
1541 1631 1545 1662 .
1562 1571 1672 1660 invi·

291 1713 402 1829 fdia
430 1714 601 1806 laudern
630 1717 802 1808 virtut-is
842 1717 1113 1808 obterebant.
1152 1719 1353 1836 Cumque
1387 1717 1442 1807 ad
1471 1713 1671 1804 Volater-

313 1885 455 1962 ranos
493 1854 603 1975 ipsos
633 1857 852 1950 accessillet
885 1862 928 1976 (3
939 1863 1010 1975 ς),
1054 1866 1114 1952 ita
1159 1859 1401 1953 sublevavit,
1430 1861 1672 1950 multorum

313 2004 620 2110 calamitates,
652 2027 823 2090 utnon
865 2007 1010 2094 minus
1041 2005 1139 2095 illos
1180 2001 1330 2096 laesrlle
1373 2005 1560 2112 aliorum,
1587 2001 1671 2090 irn-

313 2145 552 2266 ssprobitas,
585 2173 713 2259 quam
745 2143 914 2236 erexille
946 2147 1113 2260 bonitas
1143 2157 1194 2234 ac'
1235 2143 1516 2238 beneficentia
1560 2142 1670 2269 Lau·

315 2287 458 2386 -rentii
499 2285 741 2376 videretur.
790 2287 953 2379 Nihilo
992 2315 1137 2380 tamen
1181 2293 1326 2380 minus
1367 2274 1496 2380 haud
1524 2288 1672 2406 potuit

314 2457 496 2522 ‚omnes¹
522 2425 663 2518 sanare
695 2435 737 2518 &
772 2429 937 2546 placare
978 2434 1289 2552 Reipublicae,
1331 2455 1583 2553 quapropter
1618 2426 1693 2517 ad'

329 2574 677 2674 contumaciores
714 2575 759 2662 in
814 2569 962 2664 officio
1001 2575 1287 2668 continendos
1309 2585 1402 2666 'arx
1448 2571 1669 2666 aedificata

331 2711 387 2808 est
418 2748 469 2807 eo
502 2719 550 2806 in
580 2719 706 2826 loco,
737 2718 814 2807 ubi
845 2744 965 2810 erant
994 2717 1197 2839 Episcopi
1228 2720 1377 2842 aedes,
1419 2749 1550 2838 enque
1576 2717 1673 2806 satis

317 2859 713 2978 .validopracs1dio
753 2865 921 2952 munita
963 2864 1159 2978 colleilo¹
1187 2897 1239 2956 cx
1252 2867 1256 2878 '
1271 2867 1376 2957 'tota
1419 2866 1491 2954 illa
1534 2843 1673 2952 nost'ra

315 3001 468 3122 ,aspera
507 3014 549 3097 dr
589 2999 816 3108 montuosa
858 3013 898 3096 dr
944 3003 1063 3096 fideli
1106 3015 1147 3098 &
1189 3006 1370 3126 simplici
1412 3017 1457 3100 dc
1479 2999 1672 3096 iuuenci
1825 3025 1828 3036 ·

331 3142 634 3244 Mediceorum
664 3152 835 3264 regione
869 3149 1085 3254 Aemilia,
1105 3146 1236 3260 eujus
1267 3149 1458 3265 praesidii
1486 3147 1672 3234 Lauren·

322 3291 417 3382 -tius
439 3291 517 3378 uni
540 3318 590 3378 ex
616 3287 845 3402 majoribus
878 3290 991 3380 ineis
1013 3290 1242 3407 imperium
1273 3291 1393 3382 dedit
1418 3287 1541 3404 (36).
1569 3286 1671 3376 Pro·

266 3453 268 3458 ·
326 3457 424 3552 pter
453 3430 562 3536 ‚baec
607 3459 709 3538 curn
741 3461 948 3550 magnum
970 3431 1155 3548 fpondus
1191 3427 1414 3526 accessillet
1446 3430 1672 3521 austorici·

330 3577 367 3664 ai
394 3573 644 3680 Laurentii,
676 3571 791 3660 nulla
821 3603 886 3665 res
916 3572 1052 3684 major
1094 3573 1181 3668 fine
1221 3609 1276 3668 eo
1297 3627 1298 3632 κ
1316 3578 1562 3697 gerebatur,
1602 3597 1672 3661 ce·-

326 3717 560 3833 leriterque
589 3745 696 3832 quae
727 3743 835 3834 opus
882 3743 1002 3810 erant
1026 3722 1306 3841 reperiebat:
1351 3749 1488 3838 neque
1527 3717 1674 3807 minus

328 3861 380 3964 in
415 3861 534 3950 rebus
563 3860 756 3978 gerendis
788 3884 1012 3980 promptus
1042 3890 1171 3981 quam
1217 3853 1511 3984 excogitandis
1552 3882 1672 3962 erat,

328 4001 452 4118 quod
482 4009 522 4114 ἀ
554 4001 607 4089 de
636 4002 907 4116 instantibus,
937 4033 988 4096 ut
1029 4009 1088 4096 ait
1118 4002 1434 4126 Thucydides,
1474 3997 1671 4118 vrriffime

320 4143 562 4255 judicabar,
586 4142 643 4248 ἐφ’
674 4147 726 4234 de
743 4148 918 4265 futuris
949 4145 1189 4268 callidilſsme
1218 4149 1472 4260 conjiciebat.
1497 4142 1582 4234 Vel
1613 4144 1672 4250 ii,

253 4351 260 4364 ·
329 4290 405 4405 qui
439 4289 901 4404 melignediflitabant
931 4317 1032 4384 eurn
1046 4288 1139 4392 ¹elle
1162 4291 1327 4384 ,statum
1358 4289 1669 4407 Reipublicae,

331 4453 506 4525 utnon
540 4436 661 4528 aliter
700 4432 916 4538 constater
949 4435 1092 4549 ratio,
1131 4461 1261 4556 quun
1296 4431 1333 4532 n
1365 4432 1442 4528 u'ni
1478 4431 1670 4569 reddere*
