4472 5858
475 441 1058 566 ςἸῑιίιιιιιιιοι
1117 465 1332 567 Vara
1521 495 1603 577 ιιι

329 693 390 778 ria
421 689 546 798 elati,
577 689 694 810 quod
724 685 1077 781 sabiGenuensee
1113 679 1247 776 'armis
1287 681 1519 804 animisque
1560 675 1667 772 inse·

323 830 407 922 stos
438 835 725 950 inimicosque
754 830 917 952 semper
947 854 1266 948 cognoverant,
1298 853 1461 920 tentare
1489 827 1579 914 aliis
1611 829 1658 923 iu

322 977 492 1094 praeliis
521 976 624 1066 belli
656 972 873 1067 fortunam
909 973 1134 1092 optabant.
1166 973 1250 1064 Sed
1280 967 1443 1066 obstitit
1472 969 1661 1060 Lauren·

319 1125 431 1230 tius,
450 1122 517 1210 vir
546 1144 749 1212 nontam
780 1120 828 1208 in
858 1113 1050 1227 adversa,
1067 1145 1199 1232 quam
1228 1119 1274 1206 in
1304 1111 1519 1234 prospera,
1544 1108 1663 1228 quod

316 1261 541 1354 difficilius
571 1257 652 1370 est,
683 1259 861 1356 fortuna
902 1259 1323 1366 consideratissimus:
1356 1253 1658 1375 praesentiebat

318 1405 436 1496 enim
461 1405 680 1527 silongius
702 1406 767 1500 sui
797 1407 1045 1498 victricibus
1074 1410 1203 1496 armis
1235 1399 1432 1525 progressi
1464 1395 1658 1505 fuissent,

314 1576 386 1640 eos
422 1547 531 1668 ipsos
561 1552 810 1668 Principes,
838 1549 993 1668 quibus
1022 1577 1119 1640 tum
1150 1548 1388 1642 fautoribus
1428 1545 1653 1652 utebatur,

312 1687 356 1781 l'e
386 1689 643 1784 adversarios
673 1693 943 1798 habiturum;
964 1723 1099 1811 neque
1129 1693 1321 1812 expedire
1352 1689 1655 1808 Reipublicae,

313 1859 420 1962 quae
451 1865 474 1922 a
511 1861 777 1944 mercatura,
814 1863 942 1954 atque
986 1837 1087 1928 ideo
1122 1865 1146 1922 a
1176 1863 1279 1952 pace
1321 1833 1527 1922 maximas
1562 1828 1655 1928 suar

309 1974 530 2068 hauriebat
559 2007 685 2096 opes,
717 1969 842 2070 novis
873 1979 995 2068 illam
1025 1976 1238 2096 implicari
1260 1975 1402 2066 bellis.
1431 1970 1526 2062 Post
1545 1973 1656 2084 haec¹

308 2113 429 2210 fuere
459 2143 653 2238 tempora
692 2118 974 2240 pacatilsrma,
1010 2115 1040 2206 li
1083 2145 1243 2236 paucos
1273 2119 1456 2234 excipias
1487 2117 1650 2208 tumul-

306 2283 379 2352 tus
407 2259 811 2381 altercationesque,
843 2293 948 2381 quae
984 2261 1038 2350 ad
1071 2253 1340 2378 experiendas
1372 2259 1510 2380 magis
1540 2261 1650 2352 vires

306 2401 617 2536 Reipublicae,
648 2435 778 2526 quam
808 2407 862 2496 ad
896 2402 1130 2496 creandum
1174 2404 1241 2493 illi
1280 2404 1536 2551 periculum
1566 2430 1639 2491 va·

305 2545 442 2666 luere.
478 2529 600 2639 Falso
631 2577 749 2639 nunc
782 2550 912 2642 multi
942 2549 1063 2666 queri
1098 2543 1235 2639 solent
1265 2548 1319 2637 de
1350 2514 1536 2638 nostrae
1539 2573 1647 2640 aeta

303 2688 359 2808 tis
389 2685 586 2798 fortuna,
605 2675 725 2807 quod
755 2720 886 2812 genus
917 2691 1160 2790 humanum
1189 2691 1406 2810 imbecille
1431 2689 1542 2782 sorte
1570 2721 1646 2807 po·

300 2797 387 2922 tius
416 2861 544 2946 quam
589 2835 753 2922 virtute
792 2858 981 2949 rugatum
1012 2831 1152 2950 srcque
1194 2803 1418 2954 praeterita
1449 2858 1644 2950 tempora
1726 2855 1730 2864 ·

300 2970 609 3080 recordantur,
650 2971 763 3090 quasa
793 3003 898 3066 cum
929 2977 982 3064 iis
1023 2975 1171 3064 omnia
1215 2977 1380 3094 ingenii
1421 2979 1462 3064 ἃ
1505 2973 1638 3064 animi

299 3111 510 3230 praeclara
550 3109 741 3204 facinora
781 3117 952 3234 penitus
991 3117 1248 3210 effluxerint.
1282 3115 1379 3237 Ego
1419 3143 1523 3208 vero
1552 3145 1641 3208 mc·

296 3255 436 3342 moria
470 3282 663 3372 repetens
697 3254 937 3374 frequentes
966 3287 1110 3350 rerum
1139 3261 1505 3377 imperiorumque
1544 3283 1639 3346 mu·

295 3397 503 3528 tationes,
536 3398 670 3508 bella,
701 3396 953 3508 seditiones,
985 3404 1246 3518 privatarum
1279 3397 1538 3490 familiarum
1568 3399 1633 3488 di·

293 3530 503 3650 scordias,
535 3545 706 3654 caedes,
742 3547 900 3651 exilia,
931 3541 1083 3662 fugas,
1115 3542 1278 3661 aliaque
1318 3537 1515 3649 hostilia,
1543 3543 1651 3671 qui·L

292 3675 369 3768 bus
400 3684 510 3772 olim
541 3715 674 3804 genus
709 3685 949 3777 humanum
990 3712 1196 3804 perpetuo
1238 3680 1499 3806 agitabatur,
1534 3713 1629 3804 per·

292 3821 438 3914 beatos
464 3855 543 3917 nos
566 3825 645 3918 elle
672 3855 807 3948 puto,
843 3827 998 3946 quibus
1028 3823 1106 3918 sub
1133 3826 1439 3918 humanillimis
1471 3827 1634 3918 Princi-

290 3961 370 4052 bus
393 3997 495 4056 eum
523 3968 636 4060 vitae
667 3968 840 4060 cursum
869 3994 1011 4060 tenere
1039 3971 1167 4080 licet,
1198 3998 1250 4062 ut
1281 3974 1393 4064 vel
1380 4005 1426 4062 ιιι
1456 3972 1633 4090 negotio

288 4101 318 4195 s
306 4137 376 4195 ne
407 4109 627 4224 periculo,
651 4109 751 4198 vel
738 4140 785 4198 m
814 4110 908 4200 otio
939 4139 1042 4202 cum
1072 4115 1281 4233 dignitate
1311 4113 1390 4205 esse
1407 4109 1629 4238 poffimus3

288 4245 432 4339 Multa
462 4251 566 4339 licet
597 4251 864 4344 molliverint
895 4258 1061 4344 animoa
1092 4253 1281 4364 nostros,
1310 4254 1339 4344 s
1343 4285 1367 4344 c
1400 4280 1451 4344 ut
1482 4281 1629 4372 parere

288 4407 368 4482 nos
403 4395 443 4484 δι
474 4387 628 4484 servire
669 4421 759 4486 nou
798 4393 936 4490 modo
967 4396 1182 4511 patienti,
1213 4391 1284 4490 sed
1315 4399 1445 4528 eriam
1474 4399 1627 4516 libenti

1006 4535 1035 4628 S
