4472 5858
585 479 1058 580 Mzaourrrcr
1118 479 1380 570 Vrur'
1524 509 1603 572 ror

308 689 505 788 urcem
528 695 570 790 se
586 701 647 790 'in
677 693 887 790 sententia
916 694 1098 790 dicenda
1130 699 1298 790 moreti
1327 697 1422 814 quis
1452 693 1677 816 suspicare-

331 865 405 934 tur
416 905 430 962 ,
462 867 531 934 tot
561 840 824 962 argumentis
855 863 952 930 tum
984 871 1037 932 ex
1079 843 1273 932 moribus
1305 837 1560 958 utriusque,
1578 863 1678 930 tum

331 1013 386 1076 cx
415 1009 567 1076 nutura
595 984 880 1104 imperiorum
910 989 951 1074 δι
983 979 1094 1074 forte
1130 983 1467 1105 imperantium,
1496 1005 1594 1084 tum
1623 1007 1676 1070 err

331 1125 457 1218 malis
479 1128 637 1218 artibus
668 1127 937 1246 Hieronymi
970 1125 1188 1238 Comitis,
1220 1129 1295 1246 qui
1327 1127 1439 1221 nihil
1464 1155 1553 1219 non
1581 1149 1678 1214 mo·

332 1267 514 1362 liebatur
545 1271 600 1362 ad
621 1269 992 1364 inflammandum
1026 1271 1180 1364 odium
1218 1269 1445 1365 Pontificio
1476 1273 1529 1360 in'
1563 1265 1676 1356 Lau·

331 1416 526 1506 rentium
549 1415 635 1530 ¹(ro
642 1417 710 1532 5),
738 1415 859 1508 illam
891 1413 1197 1524 confirmavit,
1232 1442 1283 1508 ut
1314 1415 1552 1532 judicantur
1584 1409 1678 1502 fue·

330 1557 390 1648 tit
424 1583 501 1650 aut
539 1555 722 1650 instabili
752 1557 977 1670 fortunae,
1014 1582 1110 1666 aut,
1130 1583 1270 1650 certae
1312 1557 1547 1650 calamitati
1577 1555 1679 1646 illos

241 1717 242 1722 '
329 1701 507 1796 obviam
535 1705 621 1812 ire,
650 1704 858 1822 quicum
888 1705 1099 1796 Romanis
1128 1699 1416 1796 Pontificibus
1439 1699 1678 1792 amicitiam

331 1847 669 1965 conjungerent,
689 1840 1024 1962 perfugiumque
1051 1849 1274 1938 incorum
1309 1845 1479 1941 auxiliis
1508 1869 1679 1962 quaere·

332 2012 428 2080 rent
446 2023 459 2078 ι
480 1989 638 2106 ltaque
667 2015 806 2076 unum
835 1985 1155 2078 Ferdinandum
1180 1990 1381 2078 omnium
1412 1987 1549 2087 animi
1585 1979 1678 2100 spe·

332 2129 446 2220 flare
479 2116 748 2246 coepertum
791 2157 933 2244 neque
973 2131 1116 2218 minus
1160 2125 1439 2244 respiciebant
1485 2129 1678 2216 Lauren·

332 2270 474 2376 tium,
499 2297 629 2388 quem
668 2301 804 2362 unum
835 2267 929 2360 fore
967 2269 1175 2360 idoneum
1210 2264 1502 2360 existimabant
1531 2265 1585 2358 ad
1616 2261 1680 2356 se·

331 2403 602 2528 jungendum
628 2415 756 2504 illum
791 2445 815 2503 a
846 2408 1074 2503 Pontificis
1108 2406 1338 2520 societate,
1368 2437 1560 2530 quocum
1587 2438 1682 2507 non
1744 2401 1749 2404 ’

332 2547 516 2656 foederis
544 2549 686 2644 solum
717 2554 949 2674 religione,
979 2552 1050 2646 sed
1090 2555 1316 2646 voluntate
1346 2561 1479 2646 etiam
1522 2561 1564 2646 δι
1594 2547 1680 2642 stu·

330 2681 411 2787 dio
438 2693 694 2813 con-juniius
722 2697 980 2790 habebatur.
1005 2698 1088 2788 Sed
1107 2725 1236 2814 qoam
1265 2695 1559 2818 periculosum
1587 2719 1683 2788 erat

332 2842 372 2930 ci
403 2837 445 2932 se
474 2839 708 2948 tradere,a
737 2872 826 2959 quo
859 2838 1067 2931 hostiliter
1084 2841 1331 2958 petebatur,
1355 2849 1395 2930 dc
1422 2844 1476 2930 ab
1493 2871 1548 2932 eo
1567 2837 1678 2928 selu·

331 3003 421 3072 tem
452 3009 628 3102 petere,
660 3011 685 3071 r
713 3012 805 3102 quo
841 2986 965 3072 ruina
999 2983 1302 3102 impendebat!
1345 2983 1515 3072 Verum
1556 2974 1678 3098 quod

264 3187 269 3199 ·
329 3125 460 3215 illum
494 3126 550 3214 ad
583 3129 734 3218 omnia
762 3123 988 3216 summum
1028 3152 1156 3240 atque
1187 3124 1399 3214 excellens
1440 3124 1675 3242 ingenium

330 3264 540 3374 armabat,
560 3273 601 3356 dc
630 3266 806 3386 quodci
829 3291 918 3356 erat
947 3262 1191 3386 persuasum
1208 3269 1294 3358 hoc
1314 3265 1390 3356 libi
1409 3295 1546 3360 unum
1564 3292 1674 3385 pene

332 3405 708 3527 desperatiffimum
733 3399 935 3527 supereffe
954 3405 1229 3528 perfugium,
1246 3441 1333 3528 quo
1352 3413 1514 3502 labenti
1544 3435 1674 3526 atque

327 3553 560 3671 inclinatae
590 3551 870 3670 Reipublicae
910 3545 1202 3658 succurreret,
1232 3585 1322 3644 non
1364 3553 1579 3682 dubitavit
1618 3553 1671 3646 in

328 3697 570 3818 periculum
602 3697 753 3812 capitis
784 3721 911 3814 atquc
940 3693 991 3786 in
1018 3698 1135 3786 vitae
1164 3691 1394 3784 discrimen
1417 3726 1496 3814 pro
1527 3698 1601 3787 illa
1630 3693 1678 3788 se

329 3836 506 3926 inferre.
536 3837 684 3924 Rebus
715 3838 849 3952 igitur
871 3837 1056 3952 publicis
1077 3833 1179 3928 fidei
1208 3869 1257 3928 ac
1275 3840 1523 3957 prudentiae
1547 3839 1675 3931 Tho*

329 4006 424 4068 mae
457 3975 698 4084 Soderinii,
735 3977 821 4094 qui
841 3967 1061 4068 summum
1103 4005 1200 4070 tum
1242 3983 1416 4098 gerebat
1448 3981 1674 4102 Magistw

328 4144 454 4230 tum,
496 4126 537 4211 δι
574 4121 648 4236 qui
688 4119 738 4210 in
776 4146 867 4212 tam
908 4121 1119 4212 maledica
1157 4127 1338 4216 civitate
1377 4128 1548 4218 nullum
1588 4151 1672 4215 une

327 4289 459 4378 quam
487 4259 638 4351 locum·
669 4257 857 4354 sermoni
873 4263 1208 4356 obtrectatorum
1229 4267 1424 4373 dederat,
1442 4277 1669 4358 commen*

328 4401 469 4514 datis,
496 4401 684 4498 Kalend.
712 4407 1026 4520 Decembribus
1055 4437 1122 4502 an.
1150 4435 1421 4512 nccocnxux.
1454 4409 1561 4506 urbe
1595 4411 1666 4508 dt·-
