<?xml version="1.0" encoding="UTF-8"?>
<!DOCTYPE html PUBLIC "-//W3C//DTD XHTML 1.0 Transitional//EN"
    "http://www.w3.org/TR/xhtml1/DTD/xhtml1-transitional.dtd">
<html xmlns="http://www.w3.org/1999/xhtml" xml:lang="en" lang="en">
 <head>
  <title>
</title>
<meta http-equiv="Content-Type" content="text/html;charset=utf-8" />
  <meta name='ocr-system' content='tesseract 3.04.00' />
  <meta name='ocr-capabilities' content='ocr_page ocr_carea ocr_par ocr_line ocrx_word'/>
</head>
<body>
  <div class='ocr_page' id='page_1' title='image "./laurentiimedici00fabrgoog_0184.png"; bbox 0 0 4474 5858; ppageno 0'>
   <div class='ocr_carea' id='block_1_1' title="bbox 536 513 1551 634">
    <p class='ocr_par' dir='ltr' id='par_1_1' title="bbox 536 513 1551 634">
     <span class='ocr_line' id='line_1_1' title="bbox 536 513 1551 634; baseline 0 -24"><span class='ocrx_word' id='word_1_1' title='bbox 536 513 1291 610; x_wconf 77' lang='lat' dir='ltr'>&#39;Mnonrrrchrr‘a</span> <span class='ocrx_word' id='word_1_2' title='bbox 1478 551 1551 634; x_wconf 84' lang='lat'>¹7¹</span> 
     </span>
    </p>
   </div>
   <div class='ocr_carea' id='block_1_2' title="bbox 284 731 1689 4402">
    <p class='ocr_par' dir='ltr' id='par_1_2' title="bbox 284 731 1689 4402">
     <span class='ocr_line' id='line_1_2' title="bbox 284 731 1625 856; baseline -0.003 -28"><span class='ocrx_word' id='word_1_3' title='bbox 284 735 359 828; x_wconf 90' lang='lat' dir='ltr'>dio</span> <span class='ocrx_word' id='word_1_4' title='bbox 388 735 565 828; x_wconf 82' lang='lat' dir='ltr'>Urfinio</span> <span class='ocrx_word' id='word_1_5' title='bbox 596 734 767 856; x_wconf 84' lang='lat' dir='ltr'>sponsae</span> <span class='ocrx_word' id='word_1_6' title='bbox 791 737 1033 844; x_wconf 82' lang='lat' dir='ltr'>avunculo,</span> <span class='ocrx_word' id='word_1_7' title='bbox 1054 731 1393 854; x_wconf 88' lang='lat' dir='ltr'>Archiepiscopo</span> <span class='ocrx_word' id='word_1_8' title='bbox 1416 731 1625 826; x_wconf 86' lang='lat' dir='ltr'>Florenti·</span> 
     </span>
     <span class='ocr_line' id='line_1_3' title="bbox 288 877 1627 1000; baseline -0.001 -30"><span class='ocrx_word' id='word_1_9' title='bbox 288 912 348 970; x_wconf 88' lang='lat' dir='ltr'>no</span> <span class='ocrx_word' id='word_1_10' title='bbox 365 943 378 990; x_wconf 97' lang='lat'>,</span> <span class='ocrx_word' id='word_1_11' title='bbox 396 883 471 998; x_wconf 91' lang='lat' dir='ltr'>qui</span> <span class='ocrx_word' id='word_1_12' title='bbox 502 882 669 971; x_wconf 89' lang='lat' dir='ltr'>Romae</span> <span class='ocrx_word' id='word_1_13' title='bbox 697 880 849 1000; x_wconf 82' lang='lat' dir='ltr'>degere</span> <span class='ocrx_word' id='word_1_14' title='bbox 880 878 1038 970; x_wconf 79' lang='lat' dir='ltr'>solebat</span> <span class='ocrx_word' id='word_1_15' title='bbox 1069 877 1284 995; x_wconf 86' lang='lat' dir='ltr'>majorum</span> <span class='ocrx_word' id='word_1_16' title='bbox 1315 878 1532 970; x_wconf 85' lang='lat' dir='ltr'>honorum</span> <span class='ocrx_word' id='word_1_17' title='bbox 1557 877 1627 996; x_wconf 89' lang='lat' dir='ltr'>spe</span> 
     </span>
     <span class='ocr_line' id='line_1_4' title="bbox 284 1019 1628 1130; baseline -0.005 -16"><span class='ocrx_word' id='word_1_18' title='bbox 284 1024 472 1114; x_wconf 69' lang='lat' dir='ltr'>illeslus.</span> <span class='ocrx_word' id='word_1_19' title='bbox 509 1019 1104 1114; x_wconf 84' lang='lat' dir='ltr'>Allrdue&#39;·vero·Laurentius</span> <span class='ocrx_word' id='word_1_20' title='bbox 1140 1023 1344 1112; x_wconf 89' lang='lat' dir='ltr'>monebat</span> <span class='ocrx_word' id='word_1_21' title='bbox 1375 1019 1549 1130; x_wconf 87' lang='lat' dir='ltr'>-filiam,</span> <span class='ocrx_word' id='word_1_22' title='bbox 1580 1021 1628 1108; x_wconf 92' lang='lat' dir='ltr'>in</span> 
     </span>
     <span class='ocr_line' id='line_1_5' title="bbox 284 1163 1628 1287; baseline -0.004 -31"><span class='ocrx_word' id='word_1_23' title='bbox 284 1195 368 1287; x_wconf 90' lang='lat' dir='ltr'>qua</span> <span class='ocrx_word' id='word_1_24' title='bbox 398 1193 557 1284; x_wconf 87' lang='lat' dir='ltr'>praeter</span> <span class='ocrx_word' id='word_1_25' title='bbox 587 1169 789 1258; x_wconf 81' lang='lat' dir='ltr'>eximiam</span> <span class='ocrx_word' id='word_1_26' title='bbox 826 1163 1195 1284; x_wconf 89' lang='lat' dir='ltr'>pulchritudinem</span> <span class='ocrx_word' id='word_1_27' title='bbox 1242 1163 1381 1256; x_wconf 86' lang='lat' dir='ltr'>forma</span> <span class='ocrx_word' id='word_1_28' title='bbox 1418 1163 1628 1286; x_wconf 85' lang='lat' dir='ltr'>quaedam</span> 
     </span>
     <span class='ocr_line' id='line_1_6' title="bbox 288 1303 1628 1430; baseline -0.004 -30"><span class='ocrx_word' id='word_1_29' title='bbox 288 1311 491 1428; x_wconf 89' lang='lat' dir='ltr'>praeclari</span> <span class='ocrx_word' id='word_1_30' title='bbox 527 1310 690 1428; x_wconf 88' lang='lat' dir='ltr'>ingenii</span> <span class='ocrx_word' id='word_1_31' title='bbox 720 1308 919 1413; x_wconf 81' lang='lat' dir='ltr'>lucebat,</span> <span class='ocrx_word' id='word_1_32' title='bbox 941 1332 993 1398; x_wconf 92' lang='lat' dir='ltr'>ut</span> <span class='ocrx_word' id='word_1_33' title='bbox 1017 1313 1226 1430; x_wconf 83' lang='lat' dir='ltr'>cogitaret</span> <span class='ocrx_word' id='word_1_34' title='bbox 1256 1339 1363 1428; x_wconf 88' lang='lat' dir='ltr'>quae</span> <span class='ocrx_word' id='word_1_35' title='bbox 1392 1303 1490 1397; x_wconf 87' lang='lat' dir='ltr'>esset</span> <span class='ocrx_word' id='word_1_36' title='bbox 1507 1369 1522 1414; x_wconf 94' lang='lat'>,</span> <span class='ocrx_word' id='word_1_37' title='bbox 1540 1335 1628 1424; x_wconf 88' lang='lat' dir='ltr'>quo</span> 
     </span>
     <span class='ocr_line' id='line_1_7' title="bbox 286 1449 1628 1572; baseline -0.007 -29"><span class='ocrx_word' id='word_1_38' title='bbox 286 1454 413 1562; x_wconf 89' lang='lat' dir='ltr'>loco,</span> <span class='ocrx_word' id='word_1_39' title='bbox 449 1450 552 1568; x_wconf 91' lang='lat' dir='ltr'>quid</span> <span class='ocrx_word' id='word_1_40' title='bbox 587 1450 684 1540; x_wconf 84' lang='lat' dir='ltr'>dare</span> <span class='ocrx_word' id='word_1_41' title='bbox 713 1449 880 1567; x_wconf 92' lang='lat' dir='ltr'>Populo</span> <span class='ocrx_word' id='word_1_42' title='bbox 914 1453 1150 1561; x_wconf 89' lang='lat' dir='ltr'>Romano,</span> <span class='ocrx_word' id='word_1_43' title='bbox 1177 1455 1283 1572; x_wconf 90' lang='lat' dir='ltr'>quid</span> <span class='ocrx_word' id='word_1_44' title='bbox 1325 1451 1497 1542; x_wconf 84' lang='lat' dir='ltr'>reddere</span> <span class='ocrx_word' id='word_1_45' title='bbox 1539 1477 1628 1536; x_wconf 85' lang='lat' dir='ltr'>ma·</span> 
     </span>
     <span class='ocr_line' id='line_1_8' title="bbox 287 1585 1628 1712; baseline -0.006 -26"><span class='ocrx_word' id='word_1_46' title='bbox 287 1592 450 1711; x_wconf 84' lang='lat' dir='ltr'>juribus</span> <span class='ocrx_word' id='word_1_47' title='bbox 481 1591 565 1684; x_wconf 90' lang='lat' dir='ltr'>suis</span> <span class='ocrx_word' id='word_1_48' title='bbox 594 1593 845 1697; x_wconf 58' lang='lat' dir='ltr'>deberem&amp;</span> <span class='ocrx_word' id='word_1_49' title='bbox 871 1597 1077 1712; x_wconf 71' lang='lat' dir='ltr'>quonirun</span> <span class='ocrx_word' id='word_1_50' title='bbox 1108 1595 1155 1684; x_wconf 93' lang='lat' dir='ltr'>in</span> <span class='ocrx_word' id='word_1_51' title='bbox 1186 1591 1333 1685; x_wconf 86' lang='lat' dir='ltr'>officio</span> <span class='ocrx_word' id='word_1_52' title='bbox 1363 1591 1549 1686; x_wconf 88' lang='lat' dir='ltr'>colendo</span> <span class='ocrx_word' id='word_1_53' title='bbox 1579 1585 1628 1678; x_wconf 85' lang='lat' dir='ltr'>sr-</span> 
     </span>
     <span class='ocr_line' id='line_1_9' title="bbox 288 1731 1629 1856; baseline -0.004 -27"><span class='ocrx_word' id='word_1_54' title='bbox 288 1760 331 1829; x_wconf 91' lang='lat' dir='ltr'>ta</span> <span class='ocrx_word' id='word_1_55' title='bbox 362 1741 476 1828; x_wconf 86' lang='lat' dir='ltr'>vitae</span> <span class='ocrx_word' id='word_1_56' title='bbox 505 1732 562 1826; x_wconf 85' lang='lat' dir='ltr'>est</span> <span class='ocrx_word' id='word_1_57' title='bbox 602 1731 792 1826; x_wconf 80' lang='lat' dir='ltr'>honestas</span> <span class='ocrx_word' id='word_1_58' title='bbox 822 1741 989 1846; x_wconf 88' lang='lat' dir='ltr'>omnis,</span> <span class='ocrx_word' id='word_1_59' title='bbox 1019 1733 1142 1827; x_wconf 85' lang='lat' dir='ltr'>sicuti</span> <span class='ocrx_word' id='word_1_60' title='bbox 1174 1739 1220 1827; x_wconf 90' lang='lat' dir='ltr'>in</span> <span class='ocrx_word' id='word_1_61' title='bbox 1250 1737 1508 1856; x_wconf 88' lang='lat' dir='ltr'>negligendo</span> <span class='ocrx_word' id='word_1_62' title='bbox 1539 1761 1629 1824; x_wconf 88' lang='lat' dir='ltr'>tur·</span> 
     </span>
     <span class='ocr_line' id='line_1_10' title="bbox 289 1873 1629 1998; baseline 0 -30"><span class='ocrx_word' id='word_1_63' title='bbox 289 1879 487 1994; x_wconf 89' lang='lat' dir='ltr'>pitudo,</span> <span class='ocrx_word' id='word_1_64' title='bbox 528 1873 660 1996; x_wconf 82' lang='lat' dir='ltr'>ipsam</span> <span class='ocrx_word' id='word_1_65' title='bbox 700 1909 955 1998; x_wconf 86' lang='lat' dir='ltr'>magnopere</span> <span class='ocrx_word' id='word_1_66' title='bbox 998 1877 1276 1986; x_wconf 83' lang='lat' dir='ltr'>hortabatur,</span> <span class='ocrx_word' id='word_1_67' title='bbox 1318 1876 1376 1966; x_wconf 86' lang='lat' dir='ltr'>sre</span> <span class='ocrx_word' id='word_1_68' title='bbox 1418 1877 1629 1968; x_wconf 89' lang='lat' dir='ltr'>blandire-</span> 
     </span>
     <span class='ocr_line' id='line_1_11' title="bbox 288 2007 1631 2138; baseline -0.002 -26"><span class='ocrx_word' id='word_1_69' title='bbox 288 2045 361 2112; x_wconf 87' lang='lat' dir='ltr'>tur</span> <span class='ocrx_word' id='word_1_70' title='bbox 392 2022 488 2112; x_wconf 86' lang='lat' dir='ltr'>viro</span> <span class='ocrx_word' id='word_1_71' title='bbox 518 2043 642 2136; x_wconf 86' lang='lat' dir='ltr'>atque</span> <span class='ocrx_word' id='word_1_72' title='bbox 669 2018 906 2132; x_wconf 87' lang='lat' dir='ltr'>Pontifici,</span> <span class='ocrx_word' id='word_1_73' title='bbox 937 2045 988 2112; x_wconf 91' lang='lat' dir='ltr'>ut</span> <span class='ocrx_word' id='word_1_74' title='bbox 1028 2049 1083 2110; x_wconf 89' lang='lat' dir='ltr'>ne</span> <span class='ocrx_word' id='word_1_75' title='bbox 1129 2007 1322 2138; x_wconf 89' lang='lat' dir='ltr'>unquam</span> <span class='ocrx_word' id='word_1_76' title='bbox 1349 2021 1402 2112; x_wconf 89' lang='lat' dir='ltr'>ab</span> <span class='ocrx_word' id='word_1_77' title='bbox 1428 2017 1631 2138; x_wconf 87' lang='lat' dir='ltr'>obsequio</span> 
     </span>
     <span class='ocr_line' id='line_1_12' title="bbox 291 2157 1631 2282; baseline -0.003 -30"><span class='ocrx_word' id='word_1_78' title='bbox 291 2190 418 2280; x_wconf 87' lang='lat' dir='ltr'>atque</span> <span class='ocrx_word' id='word_1_79' title='bbox 453 2189 478 2252; x_wconf 87' lang='lat' dir='ltr'>a</span> <span class='ocrx_word' id='word_1_80' title='bbox 506 2162 669 2252; x_wconf 86' lang='lat' dir='ltr'>virtute</span> <span class='ocrx_word' id='word_1_81' title='bbox 697 2157 949 2256; x_wconf 85' lang='lat' dir='ltr'>discederet.</span> <span class='ocrx_word' id='word_1_82' title='bbox 989 2163 1159 2255; x_wconf 87' lang='lat' dir='ltr'>Praeter</span> <span class='ocrx_word' id='word_1_83' title='bbox 1190 2158 1294 2272; x_wconf 85' lang='lat' dir='ltr'>eos,</span> <span class='ocrx_word' id='word_1_84' title='bbox 1325 2191 1431 2282; x_wconf 88' lang='lat' dir='ltr'>quos</span> <span class='ocrx_word' id='word_1_85' title='bbox 1467 2191 1631 2250; x_wconf 90' lang='lat' dir='ltr'>memo·</span> 
     </span>
     <span class='ocr_line' id='line_1_13' title="bbox 288 2297 1633 2416; baseline -0.005 -20"><span class='ocrx_word' id='word_1_86' title='bbox 288 2309 503 2410; x_wconf 83' lang='lat' dir='ltr'>ravimus,</span> <span class='ocrx_word' id='word_1_87' title='bbox 534 2300 755 2390; x_wconf 86' lang='lat' dir='ltr'>Laurentii</span> <span class='ocrx_word' id='word_1_88' title='bbox 790 2304 971 2416; x_wconf 85' lang='lat' dir='ltr'>liberos,</span> <span class='ocrx_word' id='word_1_89' title='bbox 1009 2333 1128 2398; x_wconf 87' lang='lat' dir='ltr'>erant</span> <span class='ocrx_word' id='word_1_90' title='bbox 1164 2307 1384 2414; x_wconf 86' lang='lat' dir='ltr'>Lucretia,</span> <span class='ocrx_word' id='word_1_91' title='bbox 1425 2297 1633 2394; x_wconf 79' lang='lat' dir='ltr'>Contrist-</span> 
     </span>
     <span class='ocr_line' id='line_1_14' title="bbox 288 2440 1634 2568; baseline -0.004 -29"><span class='ocrx_word' id='word_1_92' title='bbox 288 2451 431 2540; x_wconf 89' lang='lat' dir='ltr'>nia&amp;</span> <span class='ocrx_word' id='word_1_93' title='bbox 461 2440 868 2563; x_wconf 82' lang='lat' dir='ltr'>Aloysra,·quarum</span> <span class='ocrx_word' id='word_1_94' title='bbox 897 2451 1107 2566; x_wconf 89' lang='lat' dir='ltr'>primam,</span> <span class='ocrx_word' id='word_1_95' title='bbox 1143 2446 1336 2568; x_wconf 88' lang='lat' dir='ltr'>utsupra</span> <span class='ocrx_word' id='word_1_96' title='bbox 1366 2476 1634 2538; x_wconf 91' lang='lat' dir='ltr'>commemo·</span> 
     </span>
     <span class='ocr_line' id='line_1_15' title="bbox 286 2587 1632 2708; baseline -0.005 -26"><span class='ocrx_word' id='word_1_97' title='bbox 286 2591 496 2686; x_wconf 80' lang='lat' dir='ltr'>ravimus,</span> <span class='ocrx_word' id='word_1_98' title='bbox 524 2587 689 2699; x_wconf 77' lang='lat' dir='ltr'>jacobo</span> <span class='ocrx_word' id='word_1_99' title='bbox 710 2591 930 2699; x_wconf 86' lang='lat' dir='ltr'>Salviato,</span> <span class='ocrx_word' id='word_1_100' title='bbox 949 2590 1122 2682; x_wconf 83' lang='lat' dir='ltr'>alteram</span> <span class='ocrx_word' id='word_1_101' title='bbox 1153 2591 1280 2682; x_wconf 87' lang='lat' dir='ltr'>Petro</span> <span class='ocrx_word' id='word_1_102' title='bbox 1313 2587 1534 2708; x_wconf 90' lang='lat' dir='ltr'>Ridolpho</span> <span class='ocrx_word' id='word_1_103' title='bbox 1566 2617 1632 2676; x_wconf 89' lang='lat' dir='ltr'>an.</span> 
     </span>
     <span class='ocr_line' id='line_1_16' title="bbox 290 2729 1633 2840; baseline -0.001 -20"><span class='ocrx_word' id='word_1_104' title='bbox 290 2755 623 2822; x_wconf 81' lang='lat' dir='ltr'>srocccuruurtu.¹</span> <span class='ocrx_word' id='word_1_105' title='bbox 641 2731 688 2818; x_wconf 91' lang='lat' dir='ltr'>in</span> <span class='ocrx_word' id='word_1_106' title='bbox 731 2733 1060 2822; x_wconf 87' lang='lat' dir='ltr'>matrimonium</span> <span class='ocrx_word' id='word_1_107' title='bbox 1102 2733 1245 2840; x_wconf 81' lang='lat' dir='ltr'>dedit,</span> <span class='ocrx_word' id='word_1_108' title='bbox 1277 2733 1445 2821; x_wconf 84' lang='lat' dir='ltr'>tertiam</span> <span class='ocrx_word' id='word_1_109' title='bbox 1477 2729 1633 2836; x_wconf 88' lang='lat' dir='ltr'>Joanni</span> 
     </span>
     <span class='ocr_line' id='line_1_17' title="bbox 291 2867 1689 2989; baseline -0.005 -29"><span class='ocrx_word' id='word_1_110' title='bbox 291 2871 458 2962; x_wconf 88' lang='lat' dir='ltr'>Medici</span> <span class='ocrx_word' id='word_1_111' title='bbox 476 2867 752 2986; x_wconf 85' lang='lat' dir='ltr'>desponderat</span> <span class='ocrx_word' id='word_1_112' title='bbox 769 2869 892 2985; x_wconf 79' lang='lat'><em>(180)</em></span> <span class='ocrx_word' id='word_1_113' title='bbox 907 2881 927 2958; x_wconf 76' lang='grc' dir='ltr'>ε’</span> <span class='ocrx_word' id='word_1_114' title='bbox 944 2873 1127 2989; x_wconf 84' lang='lat' dir='ltr'>denique</span> <span class='ocrx_word' id='word_1_115' title='bbox 1145 2899 1233 2962; x_wconf 88' lang='lat' dir='ltr'>erat</span> <span class='ocrx_word' id='word_1_116' title='bbox 1251 2871 1458 2982; x_wconf 86' lang='lat' dir='ltr'>Julianus,</span> <span class='ocrx_word' id='word_1_117' title='bbox 1476 2871 1522 2958; x_wconf 88' lang='lat' dir='ltr'>in</span> <span class='ocrx_word' id='word_1_118' title='bbox 1545 2899 1634 2986; x_wconf 86' lang='lat' dir='ltr'>quo</span> <span class='ocrx_word' id='word_1_119' title='bbox 1687 2949 1689 2952; x_wconf 85' lang='lat'>.</span> 
     </span>
     <span class='ocr_line' id='line_1_18' title="bbox 294 3009 1632 3132; baseline -0.001 -29"><span class='ocrx_word' id='word_1_120' title='bbox 294 3013 508 3132; x_wconf 87' lang='lat' dir='ltr'>egregiam</span> <span class='ocrx_word' id='word_1_121' title='bbox 538 3009 769 3127; x_wconf 89' lang='lat' dir='ltr'>quamdam</span> <span class='ocrx_word' id='word_1_122' title='bbox 799 3019 840 3102; x_wconf 72' lang='grc' dir='ltr'>ἃ</span> <span class='ocrx_word' id='word_1_123' title='bbox 873 3013 1128 3130; x_wconf 86' lang='lat' dir='ltr'>praeclaram</span> <span class='ocrx_word' id='word_1_124' title='bbox 1154 3015 1348 3106; x_wconf 89' lang='lat' dir='ltr'>indolem</span> <span class='ocrx_word' id='word_1_125' title='bbox 1366 3013 1541 3103; x_wconf 90' lang='lat' dir='ltr'>virtutis</span> <span class='ocrx_word' id='word_1_126' title='bbox 1562 3011 1632 3101; x_wconf 88' lang='lat' dir='ltr'>vel</span> 
     </span>
     <span class='ocr_line' id='line_1_19' title="bbox 291 3153 1631 3274; baseline -0.001 -31"><span class='ocrx_word' id='word_1_127' title='bbox 291 3181 317 3243; x_wconf 83' lang='lat' dir='ltr'>s</span> <span class='ocrx_word' id='word_1_128' title='bbox 345 3153 571 3246; x_wconf 89' lang='lat' dir='ltr'>tenerrima</span> <span class='ocrx_word' id='word_1_129' title='bbox 601 3177 737 3250; x_wconf 78' lang='lat' dir='ltr'>aetate</span> <span class='ocrx_word' id='word_1_130' title='bbox 766 3180 963 3272; x_wconf 83' lang='lat' dir='ltr'>apparere</span> <span class='ocrx_word' id='word_1_131' title='bbox 993 3154 1247 3243; x_wconf 89' lang='lat' dir='ltr'>Laurentius</span> <span class='ocrx_word' id='word_1_132' title='bbox 1280 3157 1532 3247; x_wconf 84' lang='lat' dir='ltr'>laetabatur.</span> <span class='ocrx_word' id='word_1_133' title='bbox 1553 3155 1631 3274; x_wconf 85' lang='lat' dir='ltr'>lta·</span> 
     </span>
     <span class='ocr_line' id='line_1_20' title="bbox 292 3289 1641 3416; baseline -0.001 -30"><span class='ocrx_word' id='word_1_134' title='bbox 292 3319 375 3416; x_wconf 84' lang='lat' dir='ltr'>que</span> <span class='ocrx_word' id='word_1_135' title='bbox 398 3295 451 3386; x_wconf 89' lang='lat' dir='ltr'>de</span> <span class='ocrx_word' id='word_1_136' title='bbox 469 3295 592 3386; x_wconf 82' lang='lat' dir='ltr'>bonis</span> <span class='ocrx_word' id='word_1_137' title='bbox 619 3289 760 3386; x_wconf 87' lang='lat' dir='ltr'>stttim</span> <span class='ocrx_word' id='word_1_138' title='bbox 782 3295 909 3385; x_wconf 90' lang='lat' dir='ltr'>illum</span> <span class='ocrx_word' id='word_1_139' title='bbox 940 3292 1177 3386; x_wconf 83' lang='lat' dir='ltr'>inficiendo</span> <span class='ocrx_word' id='word_1_140' title='bbox 1208 3299 1369 3388; x_wconf 87' lang='lat' dir='ltr'>artibus</span> <span class='ocrx_word' id='word_1_141' title='bbox 1402 3297 1641 3412; x_wconf 86' lang='lat' dir='ltr'>vehemen-¹</span> 
     </span>
     <span class='ocr_line' id='line_1_21' title="bbox 291 3433 1630 3564; baseline 0 -36"><span class='ocrx_word' id='word_1_142' title='bbox 291 3462 358 3530; x_wconf 84' lang='lat' dir='ltr'>ter</span> <span class='ocrx_word' id='word_1_143' title='bbox 402 3440 606 3544; x_wconf 88' lang='lat' dir='ltr'>curavit,</span> <span class='ocrx_word' id='word_1_144' title='bbox 644 3462 695 3528; x_wconf 90' lang='lat' dir='ltr'>ut</span> <span class='ocrx_word' id='word_1_145' title='bbox 737 3437 792 3526; x_wconf 88' lang='lat' dir='ltr'>ad</span> <span class='ocrx_word' id='word_1_146' title='bbox 831 3434 991 3546; x_wconf 80' lang='lat' dir='ltr'>majora</span> <span class='ocrx_word' id='word_1_147' title='bbox 1026 3433 1165 3553; x_wconf 86' lang='lat' dir='ltr'>postea</span> <span class='ocrx_word' id='word_1_148' title='bbox 1213 3443 1377 3532; x_wconf 88' lang='lat' dir='ltr'>veniret</span> <span class='ocrx_word' id='word_1_149' title='bbox 1418 3443 1630 3564; x_wconf 78' lang='lat' dir='ltr'>paratior.</span> 
     </span>
     <span class='ocr_line' id='line_1_22' title="bbox 293 3571 1650 3693; baseline -0.001 -21"><span class='ocrx_word' id='word_1_150' title='bbox 293 3579 413 3692; x_wconf 90' lang='lat' dir='ltr'>Quae</span> <span class='ocrx_word' id='word_1_151' title='bbox 444 3581 480 3672; x_wconf 91' lang='lat' dir='ltr'>is</span> <span class='ocrx_word' id='word_1_152' title='bbox 513 3581 678 3670; x_wconf 85' lang='lat' dir='ltr'>Romae</span> <span class='ocrx_word' id='word_1_153' title='bbox 709 3573 853 3693; x_wconf 83' lang='lat' dir='ltr'>gessit,</span> <span class='ocrx_word' id='word_1_154' title='bbox 892 3575 1019 3668; x_wconf 85' lang='lat' dir='ltr'>fratre</span> <span class='ocrx_word' id='word_1_155' title='bbox 1051 3571 1359 3674; x_wconf 82' lang='lat' dir='ltr'>Pontificatum</span> <span class='ocrx_word' id='word_1_156' title='bbox 1389 3575 1650 3674; x_wconf 84' lang='lat' dir='ltr'>Maximum</span> 
     </span>
     <span class='ocr_line' id='line_1_23' title="bbox 294 3713 1635 3840; baseline 0.002 -27"><span class='ocrx_word' id='word_1_157' title='bbox 294 3748 490 3840; x_wconf 86' lang='lat' dir='ltr'>gerente,</span> <span class='ocrx_word' id='word_1_158' title='bbox 508 3745 559 3814; x_wconf 85' lang='lat' dir='ltr'>ut</span> <span class='ocrx_word' id='word_1_159' title='bbox 586 3715 888 3812; x_wconf 84' lang='lat' dir='ltr'>reviviscerent</span> <span class='ocrx_word' id='word_1_160' title='bbox 916 3719 1182 3837; x_wconf 88' lang='lat' dir='ltr'>antiquitatis</span> <span class='ocrx_word' id='word_1_161' title='bbox 1210 3713 1251 3813; x_wconf 76' lang='lat' dir='ltr'>dr</span> <span class='ocrx_word' id='word_1_162' title='bbox 1276 3728 1430 3817; x_wconf 88' lang='lat' dir='ltr'>veteris</span> <span class='ocrx_word' id='word_1_163' title='bbox 1461 3715 1635 3816; x_wconf 57' lang='lat' dir='ltr'>e&#39;omo&#39;e-</span> 
     </span>
     <span class='ocr_line' id='line_1_24' title="bbox 295 3853 1637 3987; baseline 0.004 -35"><span class='ocrx_word' id='word_1_164' title='bbox 295 3863 390 3954; x_wconf 88' lang='lat' dir='ltr'>diae</span> <span class='ocrx_word' id='word_1_165' title='bbox 425 3861 585 3970; x_wconf 87' lang='lat' dir='ltr'>studia,</span> <span class='ocrx_word' id='word_1_166' title='bbox 613 3867 654 3954; x_wconf 76' lang='grc' dir='ltr'>δε</span> <span class='ocrx_word' id='word_1_167' title='bbox 700 3857 1011 3987; x_wconf 18' lang='lat' dir='ltr'>laudem-quas</span> <span class='ocrx_word' id='word_1_168' title='bbox 1053 3864 1105 3951; x_wconf 89' lang='lat' dir='ltr'>ab</span> <span class='ocrx_word' id='word_1_169' title='bbox 1148 3853 1419 3958; x_wconf 83' lang='lat' dir='ltr'>Florentinis</span> <span class='ocrx_word' id='word_1_170' title='bbox 1447 3869 1637 3958; x_wconf 89' lang='lat' dir='ltr'>obtinuit</span> 
     </span>
     <span class='ocr_line' id='line_1_25' title="bbox 293 3999 1634 4126; baseline 0.003 -32"><span class='ocrx_word' id='word_1_171' title='bbox 293 4004 340 4096; x_wconf 92' lang='lat' dir='ltr'>in</span> <span class='ocrx_word' id='word_1_172' title='bbox 370 3999 696 4096; x_wconf 86' lang='lat' dir='ltr'>administranda</span> <span class='ocrx_word' id='word_1_173' title='bbox 733 4001 996 4115; x_wconf 73' lang='lat' dir='ltr'>Republica,</span> <span class='ocrx_word' id='word_1_174' title='bbox 1027 3999 1250 4121; x_wconf 82' lang='lat' dir='ltr'>postquam</span> <span class='ocrx_word' id='word_1_175' title='bbox 1281 4007 1470 4099; x_wconf 89' lang='lat' dir='ltr'>Medicei</span> <span class='ocrx_word' id='word_1_176' title='bbox 1501 4013 1634 4126; x_wconf 83' lang='lat' dir='ltr'>longo</span> 
     </span>
     <span class='ocr_line' id='line_1_26' title="bbox 303 4137 1632 4264; baseline 0.001 -25"><span class='ocrx_word' id='word_1_177' title='bbox 303 4146 356 4239; x_wconf 83' lang='lat' dir='ltr'>ab</span> <span class='ocrx_word' id='word_1_178' title='bbox 385 4146 519 4236; x_wconf 87' lang='lat' dir='ltr'>exilio</span> <span class='ocrx_word' id='word_1_179' title='bbox 544 4140 849 4256; x_wconf 81' lang='lat' dir='ltr'>duodeviginti</span> <span class='ocrx_word' id='word_1_180' title='bbox 879 4147 1093 4232; x_wconf 83' lang='lat' dir='ltr'>annorum</span> <span class='ocrx_word' id='word_1_181' title='bbox 1124 4137 1314 4235; x_wconf 82' lang='lat' dir='ltr'>revocati</span> <span class='ocrx_word' id='word_1_182' title='bbox 1339 4152 1385 4236; x_wconf 89' lang='lat' dir='ltr'>in</span> <span class='ocrx_word' id='word_1_183' title='bbox 1410 4147 1632 4264; x_wconf 86' lang='lat' dir='ltr'>pristinum</span> 
     </span>
     <span class='ocr_line' id='line_1_27' title="bbox 297 4278 1632 4402; baseline 0.007 -29"><span class='ocrx_word' id='word_1_184' title='bbox 297 4285 448 4376; x_wconf 86' lang='lat' dir='ltr'>locum</span> <span class='ocrx_word' id='word_1_185' title='bbox 475 4283 657 4374; x_wconf 86' lang='lat' dir='ltr'>&#39;honoris</span> <span class='ocrx_word' id='word_1_186' title='bbox 686 4278 803 4374; x_wconf 89' lang='lat' dir='ltr'>fuere</span> <span class='ocrx_word' id='word_1_187' title='bbox 836 4278 1041 4387; x_wconf 83' lang='lat' dir='ltr'>restituti,</span> <span class='ocrx_word' id='word_1_188' title='bbox 1073 4287 1154 4372; x_wconf 93' lang='lat' dir='ltr'>viri</span> <span class='ocrx_word' id='word_1_189' title='bbox 1185 4285 1313 4395; x_wconf 93' lang='lat' dir='ltr'>boni,</span> <span class='ocrx_word' id='word_1_190' title='bbox 1347 4293 1506 4402; x_wconf 87' lang='lat' dir='ltr'>cornis,</span> <span class='ocrx_word' id='word_1_191' title='bbox 1538 4323 1632 4385; x_wconf 92' lang='lat' dir='ltr'>mo·</span> 
     </span>
    </p>
   </div>
   <div class='ocr_carea' id='block_1_3' title="bbox 303 4417 1653 4652">
    <p class='ocr_par' dir='ltr' id='par_1_3' title="bbox 303 4417 1653 4652">
     <span class='ocr_line' id='line_1_28' title="bbox 303 4417 1653 4650; baseline -0.011 -132"><span class='ocrx_word' id='word_1_192' title='bbox 303 4422 407 4518; x_wconf 84' lang='lat' dir='ltr'>desti</span> <span class='ocrx_word' id='word_1_193' title='bbox 422 4487 437 4536; x_wconf 19' lang='grc' dir='ltr'>κ,</span> <span class='ocrx_word' id='word_1_194' title='bbox 461 4425 641 4523; x_wconf 75' lang='lat' dir='ltr'>liberalis</span> <span class='ocrx_word' id='word_1_195' title='bbox 671 4430 713 4514; x_wconf 75' lang='grc' dir='ltr'>δι</span> <span class='ocrx_word' id='word_1_196' title='bbox 749 4423 953 4530; x_wconf 78' lang='lat' dir='ltr'>humaui,</span> <span class='ocrx_word' id='word_1_197' title='bbox 983 4423 1092 4514; x_wconf 64' lang='lat' dir='ltr'>reete</span> <span class='ocrx_word' id='word_1_198' title='bbox 1123 4419 1187 4650; x_wconf 60' lang='lat' dir='ltr'>dp</span> <span class='ocrx_word' id='word_1_199' title='bbox 1207 4417 1283 4516; x_wconf 89' lang='lat' dir='ltr'>illo</span> <span class='ocrx_word' id='word_1_200' title='bbox 1313 4455 1474 4547; x_wconf 88' lang='lat' dir='ltr'>patrem</span> <span class='ocrx_word' id='word_1_201' title='bbox 1503 4423 1653 4557; x_wconf 82' lang='lat' dir='ltr'>augu.&#39;</span> 
     </span>
     <span class='ocr_line' id='line_1_29' title="bbox 1221 4596 1244 4652; baseline 0 0"><span class='ocrx_word' id='word_1_202' title='bbox 1221 4596 1244 4652; x_wconf 84' lang='lat'><em>2</em></span> 
     </span>
    </p>
   </div>
   <div class='ocr_carea' id='block_1_4' title="bbox 0 0 2258 5858">
    <p class='ocr_par' dir='ltr' id='par_1_4' title="bbox 0 0 2258 5858">
     <span class='ocr_line' id='line_1_30' title="bbox 0 0 2258 5858; baseline 0 0"><span class='ocrx_word' id='word_1_203' title='bbox 0 0 2258 5858; x_wconf 95' lang='lat' dir='ltr'> </span> 
     </span>
    </p>
   </div>
  </div>
 </body>
</html>
