4472 5858
669 497 752 580 ¹¹4
871 463 1360 564 Laurruntr
1425 458 1786 561 Mu-ntots

529 732 532 738 ·
602 682 794 776 randum.
816 677 957 774 visum
982 675 1039 774 est
1068 681 1328 793 laurentio,
1346 709 1500 800 quare,
1519 675 1613 799 ipso
1642 680 1840 788 austote,
1858 677 1951 772 Ro·

603 858 721 920 mam
748 828 926 921 iterum
951 826 1163 918 mittitur
1204 824 1498 946 Vespuccius,
1535 827 1612 944 qui
1631 853 1725 944 pto
1765 821 1946 916 dexteri·-

603 995 716 1077 tate,
746 997 829 1086 qua
858 967 1073 1088 pollebat,
1103 970 1151 1060 in
1181 970 1308 1062 rebus
1335 971 1767 1092 rapnidim-aequiora
1794 992 1847 1058 ut
1874 995 1950 1084 po·
2085 1081 2089 1088 ,
2206 1065 2207 1072 Ν

606 1105 858 1210 stularentur
890 1143 915 1204 a
944 1110 1160 1204 Pontifice
1194 1114 1441 1234 impetravit
1459 1187 1472 1210 .
1490 1113 1642 1212 ‘Dedit
1676 1109 1749 1204 hic
1779 1139 1949 1228 qnoque

604 1257 687 1348 alia
727 1256 994 1350 reconciliati
1020 1257 1160 1350 animi
1196 1255 1344 1378 fignar
1374 1279 1526 1378 neque·
1540 1255 1719 1352 obscure
1746 1254 1950 1376 fignifica-

554 1409 557 1414 '
605 1399 679 1492 bat
697 1401 870 1496 Riarius
893 1401 1055 1498 Comes
1086 1399 1126 1496 le
1156 1403 1266 1496 velle
1296 1403 1342 1494 in
1370 1405 1554 1522 gratiam
1571 1433 1690 1496 cum
1717 1401 1950 1496 Laurentio

611 1543 775 1656 redire,
804 1577 893 1640 non
928 1549 1028 1672 quia
1057 1552 1229 1642 animur
1257 1547 1346 1664 ejus
1383 1547 1558 1644 satiatus
1588 1543 1693 1640 ellet
1719 1543 1949 1636 crudelita-

612 1691 658 1782 t'e
697 1690 979 1802 exercenda,
1016 1687 1088 1784 sed
1121 1690 1300 1812 quiaid
1331 1692 1573 1810 plurimum
1614 1689 1861 1786 conducere
1888 1715 1953 1780 ro-

605 1835 801 1930 tionibus
833 1831 922 1926 suis
950 1833 1250 1928 arbitrabatur.
1283 1834 1525 1930 Verebatur
1545 1837 1663 1928 enim
1693 1865 1748 1926 ne
1778 1833 1953 1924 Florem

605 1981 692 2076 tini
720 1979 933 2074 auxilium
960 1973 1121 2075 ferrent
1149 1973 1405 2090 Ordelaffis,
1436 2009 1543 2100 quos
1573 1979 1688 2074 Foro
1719 1979 1851 2070 Livio
1887 1973 1953 2066 hit

605 2121 877 2240 temporibus
918 2117 1194 2240 expellendos
1228 2125 1423 2231 curavit,
1440 2147 1504 2216 :ur
1545 2119 1656 2216 hanc
1699 2121 1852 2214 urbem
1883 2114 1955 2208 sut

607 2267 654 2354 in
685 2241 853 2358 ditione
881 2247 1053 2356 haberet
1075 2334 1089 2354 .,
1118 2263 1220 2358 Tali
1260 2263 1394 2356 modo
1435 2259 1665 2362 constituta
1706 2293 1809 2382 pace
1855 2285 1957 2350 curu

607 2402 877 2516 Pontificiis,
907 2438 1084 2504 omnem
1109 2405 1225 2502 suam
1250 2436 1399 2500 cutam
1427 2409 1826 2524 cogitationemque
1852 2429 1958 2494 con·

607 2549 742 2645 uertit
772 2549 1026 2642 Laurentius
1056 2551 1110 2640 ad
1137 2548 1422 2670 recuperanda
1452 2549 1805 2646 Florentinorurn
1834 2547 1958 2663 oppi-

606 2688 691 2800 da„
721 2719 828 2810 quae
858 2688 1068 2785 Allonsus
1098 2695 1145 2784 in
1176 2695 1291 2788 bello
1321 2718 1513 2810 ceperat,
1536 2699 1579 2784 8<
1606 2721 1661 2784 ex
1698 2691 1868 2782 Etruria
1894 2689 1961 2779 di·

613 2830 788 2927 {cedens
831 2833 1081 2932 Senenfium
1115 2835 1233 2930 fidei
1252 2836 1553 2934 commiserat.
1590 2836 1717 2928 Haec
1755 2863 1822 2924 res
1853 2833 1962 2926 benc

611 2983 654 3070 bt
691 2973 878 3072 feliciter
908 2979 976 3070 illi
995 2976 1201 3088 suceeffit
1245 2985 1304 3076 ob
1344 2981 1556 3104 insignem
1590 2981 1770 3102 gratim
1785 3043 1803 3087 ‚.
1831 3003 1961 3098 quam

611 3117 689 3214 fibi
725 3122 1036 3216 conciliaverat
1069 3125 1328 3220 Ferdinandi
1368 3129 1536 3248 Regis,
1581 3127 1655 3216 cui
1686 3154 1765 3244 pet·
1799 3124 1963 3242 legatos

615 3263 897 3383 Reipublicae
940 3269 1119 3360 nomine
1157 3273 1320 3390 gratiae
1355 3273 1473 3362 ailae
1494 3267 1638 3377 fuere,
1670 3277 1713 3358 δι
1743 3260 1963 3362 universae

615 3408 934 3526 Aragoniorum
968 3407 1155 3504 familiae
1185 3412 1337 3532 (115)v
1365 3410 1461 3506 Post
1491 3415 1598 3506 haec*
1638 3415 1711 3508 illa
1742 3406 1939 3532 providit
1948 3461 1967 3511 t

611 3576 717 3666 quae
747 3548 801 3642 ad
825 3545 1120 3658 stabiliendam
1150 3553 1284 3674 ipsam
1299 3589 1475 3678 pacem,
1502 3568 1543 3652 &
1567 3551 1851 3676 Reipublicae
1874 3543 1965 3638 for·

612 3719 763 3784 tunam
792 3692 984 3784 maxime
1010 3696 1255 3790 conducere
1282 3697 1560 3794 existimavit.
1596 3684 1966 3792 Conciliumelle

612 3831 756 3926 voluit
785 3860 884 3927 ixx„
913 3838 1140 3950 tritorum,¹
1166 3843 1282 3960 quod
1314 3844 1556 3937 concilium
1589 3842 1752 3950 custos,
1773 3831 1965 3958 praeses·

610 4004 905 4098 propugnator
937 3981 1222 4099 Reipublicae
1249 3985 1328 4080 elle
1357 3987 1567 4080 debebat.
1594 3986 1645 4090 ld·
1663 3985 1774 4076 mihi
1803 3975 1967 4070 duabus
2012 4069 2013 4072 γ

612 4119 680 4210 tle·
710 4121 859 4216 cauffis·
897 4121 1122 4219 instituisse:
1161 4129 1359 4240 videtur,
1401 4154 1457 4220 ut·
1492 4157 1579 4246 pro
1615 4132 1778 4218 vittute
1816 4133 1871 4214 &a
1886 4145 1968 4235 pto

613 4268 801 4360 amicitia
842 4273 890 4361 in
920 4268 968 4364 se·
991 4273 1151 4380 multis„
1169 4277 1356 4394 praemia
1388 4271 1611 4390 darentur„
1642 4295 1783 4386 utque·
1807 4263 1968 4356 delibe-

614 4407 822 4530 rationes,
849 4440 955 4528 quae
979 4414 1258 4508 habebantur
1301 4415 1360 4508 de
1399 4414 1638 4536 Republica
1664 4477 1681 4520 2
1721 4409 1972 4540 multorum
