4492 5860
567 487 1106 596 Dollamenoi
1163 499 1379 592 vm
1562 530 1614 618 ap

322 719 442 812 Nam
473 747 607 841 parvo
647 725 787 842 pretio
821 749 1038 843 coemptas
1078 749 1299 842 gemmas,
1342 747 1446 840 quas
1487 724 1654 840 ingenti
1800 785 1807 800 -

318 891 638 984 comparaverat
670 867 842 958 Paullus
882 867 929 956 11.
970 864 1113 984 (quae
1152 893 1298 958 antem
1332 863 1471 960 caulla
1501 895 1649 956 move«.

319 1021 388 1106 rit.
411 1015 584 1102 Sixtum
614 1010 668 1100 arl
696 1011 790 1100 illas
818 1007 1099 1104 distrahendas
1133 1014 1334 1136 ignoro)
1363 1042 1468 1104 cum
1498 1007 1648 1100 vendi-

320 1153 471 1249 diffent
509 1157 698 1274 Regibus
726 1153 899 1274 aliisque
929 1154 1083 1248 harum
1112 1185 1256 1250 rerum
1286 1156 1479 1276 cupidis,
1507 1153 1649 1272 pluri-

323 1330 448 1396 mum
478 1331 530 1392 ex
560 1300 641 1390 hac
681 1329 726 1390 re
769 1301 880 1392 lucri
921 1296 1146 1392 secarunt.
1177 1299 1278 1394 Nec
1308 1304 1455 1392 minus
1492 1298 1653 1390 horum

323 1445 582 1536 utilitatibus
611 1440 783 1534 servivit
822 1447 992 1554 sixtus,
1023 1475 1127 1538 curn
1156 1448 1219 1536 iis
1250 1440 1422 1538 locallet
1450 1443 1654 1536 aluminis

325 1585 496 1680 fodinas
526 1587 609 1680 Pio
629 1589 676 1678 11.
700 1586 913 1680 Pontifice
940 1588 1139 1680 Maximo
1168 1589 1349 1682 duellas
1377 1617 1509 1707 prope
1538 1583 1654 1676 Cen⁴

324 1755 419 1822 turn
451 1729 596 1820 Cellas
636 1761 689 1822 eo
730 1735 776 1823 in
792 1734 940 1841 loco,
971 1735 1051 1824 cui.
1074 1729 1119 1818 T
1121 1729 1233 1824 olfac
1261 1763 1450 1841 nomen,
1480 1759 1534 1822 ex
1562 1731 1656 1855 qui

324 1874 403 1963 bus
439 1874 603 1963 aerario
633 1873 868 1964 Pontificio
898 1874 1164 1966 florenorum
1194 1879 1338 1968 millia·
1361 1910 1400 1970 o
1426 1874 1657 1996 quotanus

324 2019 538 2110 redibant.
571 2012 695 2108 Haee'
725 2045 791 2108 res
818 2015 959 2134 postea
987 2023 1240 2138 magnarum
1271 2015 1655 2112 controversatum

324 2159 462 2254 caulla
489 2161 573 2254 fuit
601 2193 705 2252 eum
732 2161 1018 2278 quaestoribus
1048 2159 1314 2271 Pontifieiis,
1330 2163 1387 2252 ad
1414 2189 1521 2280 quas
1549 2159 1670 2250 diti·-

301 2305 500 2398 mendas
527 2305 898 2420 renovandamque
929 2304 1193 2396 locationem
1224 2305 1363 2398 valuit
1408 2301 1656 2396 Innocentis

324 2451 438 2542 Vlll.
470 2445 676 2568 {iugulare
704 2449 751 2538 in
780 2449 1063 2540 laurentium
1093 2446 1283 2542 studium
1313 2447 1439 2564 (31).
1470 2446 1656 2540 heredi·

325 2593 411 2684 bile
426 2573 585 2686 'autern
616 2591 675 2684 est
702 2624 807 2684 eum
837 2589 1076 2685 ostendillet
1096 2594 1351 2687 Laururrius
1369 2595 1424 2685 de
1446 2573 1674 2710 colligar-‘3'

324 2739 391 2832 dis
434 2739 700 2856 antiquitatis
739 2745 1038 2830 monumentis
1079 2735 1135 2828 se.
1162 2741 1403 2859 plurimum
1425 2738 1656 2838 laborare,

326 2880 455 2974 studii
484 2889 525 2972 &
556 2881 872 2992 delellatiouis,
889 2891 931 2973 δι
948 2881 1304 2974 nobiliffimarum
1319 2885 1517 2988 arrium,
1547 2903 1659 2994 quaa

325 3025 381 3116 ad
407 3023 641 3144 graphicen
670 3027 910 3140 pertinent,
937 3026 1310 3146 provehendarum
1340 3021 1501 3132 catalla,
1523 3027 1657 3138 quan-

325 3191 369 3258 ta
399 3165 526 3278 hujus
555 3167 720 3282 generis
759 3167 877 3256 dona
913 3195 1012 3257 tum
1051 3165 1319 3258 aPontifice
1358 3163 1475 3306 ipio,
1491 3188 1659 3254 suma
1832 3241 1838 3252 .
2019 3225 2022 3234 ·

325 3305 628 3398 cardinalibus
656 3311 907 3427 acceperit,s
929 3337 983 3402 ut
1022 3311 1123 3402 hoe·
1149 3307 1242 3402 solo
1265 3312 1462 3401 nomine
1502 3305 1658 3412 <livosa

325 3449 570 3547 fortunatus
612 3477 739 3568 arque
781 3455 1012 3571 opulentus
1039 3451 1115 3543 sibi
1154 3449 1234 3544 elle
1262 3451 1503 3543 videretur.
1534 3448 1658 3538 Dum

324 3597 471 3685 obiret.
503 3623 605 3686 vero
634 3595 785 3684 urbem
825 3595 997 3714 plorum
1027 3597 1203 3716 quidem
1242 3592 1451 3688 vetustate
1466 3571 1475 3588 ⁸
1488 3587 1658 3696 saurae-a

325 3733 399 3849 sed
430 3739 596 3856 inqua
635 3741 758 3858 plura
798 3745 935 3862 magis
956 3741 1145 3832 ,auribus
1176 3741 1500 3858 accipiuntur,
1525 3756 1658 3854 quam

326 3883 465 3972 oculis
495 3877 977 4014 noscunturroderat,
1009 3887 1367 4002 extenuaturque
1407 3881 1539 3985 illos,
1580 3875 1658 3994 qui
1839 3929 1856 3946 ·

321 4026 576 4142 parietibus,
609 4027 760 4136 τεθεὶς,
790 4031 1010 4124 columnis
1024 4099 1040 4143 ‚
1053 4092 1056 4103 ι
1069 4031 1196 4154 fignis
1236 4023 1493 4120 horrificum
1520 4014 1657 4138 quod·
1853 4117 1858 4130 .

304 4169 427 4292 *dam
452 4174 493 4256 &
523 4165 737 4262 nefarium
768 4179 892 4266 omni
922 4177 1143 4266 imbutum
1172 4172 1278 4264 odio
1307 4169 1472 4272 bellum
1498 4158 1656 4276 intule-

326 4337 443 4404 rant.
470 4311 607 4422 Quod
629 4343 720 4406 non
749 4314 836 4408 line
855 4319 995 4435 aliqua
1010 4311 1331 4433 reptehermone
1347 4331 1437 4401 erat
1451 4303 1588 4422 Paulli
1606 4299 1655 4396 lla

327 4453 404 4567 qui
434 4455 581 4570 paullo
595 4479 713 4548 uste
738 4482 905 4574 partem
931 4455 1235 4578 amphitheatri
1271 4453 1412 4592 Flavii
1441 4444 1658 4566 vespero
