4474 5858
561 497 1314 598 ManuttrctVrrn
1486 515 1565 609 193

290 722 473 812 manitas
522 747 572 811 ae
612 719 839 832 liberalitas
881 717 1350 816 circunrscriberentur.
1395 715 1540 831 Atque
1582 717 1633 804 in

291 857 359 952 his
388 861 545 970 rebus,
576 864 768 980 quamvis
800 865 935 958 multa
967 895 990 952 a
1022 865 1147 957 nobis
1177 885 1339 956 turrate
1370 856 1482 966 sint,
1513 855 1632 973 quod

290 1023 437 1096 ttnren
465 1035 535 1096 ene
565 1002 747 1128 insignes
783 1035 909 1102 notae
939 1005 1039 1100 sunt
1067 1006 1224 1124 optimi
1253 1003 1487 1122 Principis,
1518 1027 1625 1116 quae

289 1173 369 1262 pro
399 1147 550 1240 litteris
581 1173 818 1272 geruntur,
849 1177 938 1246 non
969 1145 1253 1244 recusabimus
1284 1148 1365 1242 alia
1408 1141 1632 1237 hocloco

286 1283 461 1384 afferre.
491 1287 702 1410 Expulsus
732 1293 786 1386 ab
817 1291 987 1388 Etruria
1004 1281 1154 1386 'fuerat
1189 1287 1438 1386 Franciscut
1469 1283 1627 1380 Philel

288 1428 398 1544 pius
427 1431 486 1524 ob
515 1431 845 1531 immoderatam
874 1435 1117 1532 libertatem
1147 1465 1197 1527 ae
1226 1435 1447 1530 licentiam
1478 1428 1626 1521 dicen·

286 1569 333 1666 di
367 1597 497 1692 atquo
524 1571 758 1676 scribendi:
791 1580 951 1676 etenim
981 1575 1116 1672 homo
1145 1573 1468 1700 asper‚‚avidus
1499 1599 1640 1692 pecu·
1758 1680 1761 1688 ¹

286 1715 409 1826 niae,
438 1713 677 1818 inconstans
708 1748 758 1812 tc
790 1717 981 1815 morosus
1021 1721 1127 1818 adeo
1158 1717 1326 1839 scriptis
1355 1717 1438 1812 sois
1468 1715 1619 1808 debac-

286 1854 440 1952 chatus
468 1856 604 1956 fuerat
634 1861 681 1958 io
711 1857 926 1956 Cosrnuna
956 1863 1124 1960 Patrem
1165 1862 1327 1956 Patriae
1369 1867 1410 1952 δι
1454 1857 1627 1950 univer·

286 1994 376 2090 sana
419 1995 721 2096 Medieeotum
752 1999 985 2114 familiam,
1015 2029 1068 2102 ιιι
1097 2000 1295 2097 ferendus
1325 2001 1507 2120 amplius
1537 2023 1629 2084 non

287 2140 527 2238 videretur.
559 2143 722 2242 Nihilo
750 2175 895 2247 tumen
926 2149 1069 2242 minus
1099 2147 1216 2240 nulla
1249 2151 1297 2239 in
1322 2175 1366 2236 re
1389 2145 1455 2239 illi
1488 2135 1630 2231 defuit

288 2283 641 2400 Laurentiuu,&
671 2287 788 2412 saepe
817 2291 907 2408 egit
937 2319 1039 2383 cunt
1070 2285 1457 2384 Mediolanensrunr
1501 2284 1627 2372 Duce

288 2435 330 2522 &
369 2459 471 2526 curu
504 2433 708 2529 Romano
737 2429 951 2530 Pontifice
992 2431 1045 2524 de
1077 2434 1192 2529 illius
1224 2406 1413 2524 fortunis
1443 2413 1627 2539 amplifi-

287 2573 461 2682 candis,
493 2571 718 2694 saepiffime
747 2578 975 2694 pecuniam
1005 2605 1029 2669 e
1060 2569 1135 2666 suo
1163 2577 1324 2668 aerario
1365 2571 1432 2661 illi
1475 2561 1624 2670 dedit,

287 2707 454 2829 summe
483 2711 677 2825 studuit,
706 2743 758 2814 ut
786 2718 841 2814 de
871 2717 1001 2812 exilio
1033 2716 1302 2810 Florentiam
1335 2728 1631 2810 revocaretur»

287 2862 331 2946 δι
365 2853 728 2953 vehementilltnre
757 2858 900 2951 doluit
930 2880 1116 2952 mortem
1145 2855 1365 2973 ejusdem,
1395 2875 1522 2970 quant
1553 2875 1627 2936 an·

288 3025 350 3085 no
380 3021 653 3086 nccccrxxxu
699 2998 756 3085 ob
785 2999 949 3092 itineris
979 2995 1257 3092 incommoda
1287 2995 1427 3088 obivit
1456 2987 1631 3108 (212).

289 3133 517 3256 Quotquot
546 3137 594 3230 in
623 3135 793 3232 Etruria
818 3141 1201 3234 commorabantur
1225 3139 1385 3230 Graeci
1417 3134 1633 3229 doetrinae

288 3276 414 3368 laude
452 3281 556 3374 clati
590 3275 757 3388 effecit,
786 3305 838 3376 ut
866 3281 978 3404 apud
1009 3280 1050 3374 se
1081 3284 1210 3376 ellent
1234 3309 1449 3402 tanquam
1479 3265 1532 3368 in
1557 3299 1629 3390 pt·

166 3455 169 3462 ’
289 3420 384 3513 eriis
418 3421 665 3541 penatibus,
704 3449 943 3542 quanquam
973 3427 1175 3519 nonnulli
1211 3451 1363 3518 eorum
1404 3421 1457 3514 iis
1502 3411 1633 3508 ellent

289 3563 512 3670 moribus,
541 3591 594 3662 ut
623 3561 748 3662 facile
779 3569 825 3660 iu
856 3566 1060 3661 dedecora
1090 3589 1436 3684 prorumperent,
1467 3558 1634 3680 quoties

289 3727 463 3814 remoto
492 3705 657 3830 pudore
687 3739 736 3800 ae
767 3733 919 3817 metu,
951 3702 1028 3800 suo
1057 3731 1228 3802 tantum
1253 3709 1431 3827 ingenio
1461 3704 1634 3796 uteban-

291 3865 393 3936 tur.
424 3845 553 3940 Plena
585 3843 813 3944 suaviffimi
845 3849 972 3946 studii
1002 3847 1180 3941 fuerunt
1211 3845 1382 3955 officia,
1414 3877 1519 3966 quae
1560 3845 1632 3930 tri·

290 3981 388 4080 buit
430 3985 641 4090 Matthiae
681 3991 923 4102 Fannio,
961 3992 1034 4082 ubi
1077 4019 1101 4078 a
1152 3991 1316 4102 Joanne
1351 3979 1634 4078 Tornabonio

290 4129 506 4226 intellexit
551 4131 679 4221 illuni
727 4132 774 4226 in
817 4125 1052 4224 Herodoto
1098 4125 1414 4244 interpretando
1472 4119 1631 4208 laboru-

292 4295 338 4362 re
377 4269 456 4383 (21
472 4297 491 4376 3
510 4269 553 4380 ).
590 4268 940 4364 Bartholomaeus
974 4271 1163 4378 Plotina,
1207 4297 1298 4356 non
1337 4289 1427 4356 tam
1459 4257 1631 4350 fortuna

295 4433 426 4549 quatu
461 4403 588 4528 culpa
624 4403 917 4516 calamitosus,
948 4404 1046 4499 usus
1089 4407 1147 4500 est
1176 4435 1302 4527 opera
1336 4401 1554 4496 Laurentii
1577 4399 1633 4492 ad

1127 4549 1221 4642 Bb
