4474 5858
678 495 756 575 ld'o
878 473 1360 582 LaunuN'rur
1422 484 1792 581 MEchlS

612 727 711 789 rum
742 699 910 795 suarum
945 704 1174 796 dominum
1216 703 1257 794 se
1302 703 1462 822 semper
1506 701 1724 796 habituros
1768 701 1950 818 (191).

612 845 733 953 Quae
751 848 855 935 dunt
882 851 1128 967 gerebantur
1146 845 1470 964 quodammodo
1493 847 1653 938 latebat
1670 837 1957 952 Laurentius,

611 1013 716 1075 cum
736 1013 878 1079 tamen
902 1021 981 1107 pet·
994 1021 1094 1080 eum
1113 993 1258 1080 omnia
1277 989 1574 1106 reperirentur,
1592 993 1745 1106 quibus
1780 983 1954 1078 aut·Ba·

488 1135 492 1146 '
612 1127 739 1219 lionii
768 1158 842 1222 aut
872 1133 1043 1222 Vitellii
1084 1161 1231 1220 eorum
1267 1132 1400 1220 vicini
1430 1131 1483 1219 ad
1515 1133 1774 1222 sudoritatis
1813 1125 1947 1247 pristi-

468 1283 472 1289 ’
613 1301 691 1365 nae
721 1269 836 1391 spem
866 1267 1193 1380 reviviscerent,
1224 1302 1359 1389 neque
1390 1304 1413 1362 a
1444 1273 1835 1391 Neapolitanorum
1867 1273 1949 1360 Re-

614 1449 697 1532 ge,
724 1445 747 1503 a
777 1445 869 1530 quo·
894 1443 970 1531 per
998 1414 1242 1505 Pontanunr
1272 1418 1565 1524 tentabantur,
1598 1419 1724 1506 verba
1754 1413 1835 1502 srbi.
1861 1411 1955 1500 dari'

613 1555 745 1644 facile·
770 1583 1034 1673 paterentur.
1066 1555 1112 1644 ld
1149 1561 1266 1646 enim
1300 1561 1484 1646 maxime
1512 1553 1700 1648 interesse
1735 1555 1953 1674 Reipubli-

614 1725 688 1785 cae
722 1697 987 1786 Florentinae
1017 1699 1231 1812 judicabat
1262 1699 1412 1811 (192).
1449 1693 1608 1788 Adfuit
1630 1705 1671 1786 dr
1701 1695 1948 1802 Asculanis,

573 1889 576 1896 ·
616 1840 768 1968 quibus
805 1831 908 1930 adeo
948 1843 1135 1931 irritatus
1177 1867 1267 1932 erat
1295 1838 1527 1946 Pontifex,
1565 1839 1682 1954 quod
1727 1841 1952 1951 Firmanus

612 1981 725 2068 bello
752 1977 992 2090 vetrallen-t,
1024 2011 1076 2074 ut
1104 1985 1161 2071 de·
1187 1987 1238 2072 iis
1264 1979 1511 2100 subigendis·
1530 1979 1846 2072 deliberaverit.
1867 1977 1955 2070 Sed

620 2119 755 2209 desiit
784 2121 1035 2213 Laurentius
1068 2127 1182 2213 illius
1214 2127 1432 2229 arrirnum,
1452 2117 1672 2239 effecitque
1698 2151 1747 2214 ut
1771 2123 1806 2212 ii
1833 2123 1951 2210 liber*

586 2368 587 2372 p
614 2287 700 2350 tate
731 2263 893 2350 diutius
941 2261 1179 2354 fruerentur
1209 2265 1361 2378 (¹·91·3)·
1399 2267 1471 2354 Sic
1501 2295 1613 2355 unus
1644 2268 1710 2353 vir
1736 2251 1960 2354 ‘universo-³

614 2429 712 2490 rum
740 2408 914 2518 negotia
939 2404 1190 2510 sustinebam
1221 2435 1356 2521 neque
1381 2409 1431 2494 iis
1465 2402 1606 2496 deess'e'*
1626 2423 1814 2531 unquam
1835 2399 1955 2523 posse

615 2543 859 2652 videbatur,
884 2575 1068 2662 quorum
1091 2549 1255 2637 uti-litas
1280 2578 1386 2634 cum
1415 2547 1538 2636 bono
1562 2547 1737 2664 publico
1767 2556 1807 2636 dc
1842 2545 1951 2633 Rei·-¹

615 2687 817 2804 publicae·
843 2687 1113 2780 Florentinae
1136 2688 1366 2780 securitate
1393 2685 1624 2801 conjunsta·
1644 2685 1760 2778 esserss
1798 2687 1960 2802 Neque·

616 2855 703 2920 erat
732 2833 959 2924 contentus
989 2829 1094 2920 fines
1125 2833 1293 2949 imperii
1325 2827 1575 2936 defendere,
1607 2828 1675 2919 se'd
1714 2861 1791 2919 eos
1815 2821 1953 2920 etiam

616 3001 845 3090 propagare
868 2975 1084 3089 cupiebat.
1116 2975 1259 3088 ltaque
1291 3001 1396 3059 cum
1423 2975 1534 3061 inter
1565 2969 1612 3060 se
1639 2973 1841 3060 acerrime
1875 2967 1960 3059 dis:

616 3111 803 3203 fiderent*
825 3111 1051 3222 Senenses,
1084 3114 1282 3203 &nnulti
1319 3140 1472 3201 eorum
1511 3116 1644 3228 patri'a
1685 3109 1844 3229 expulsi
1876 3143 1959 3201 no·

617 3282 792 3345 vastes·
827 3257 1113 3362 molirentur,
1160 3257 1355 3342 manime·
1389 3279 1677 3370 opportunam
1719 3256 1829 3342 hanc
1875 3249 1959 3342 esse-

620 3398 889 3516 occasronem
920 3401 1090 3514 putavit
1120 3397 1171 3484 ad
1204 3425 1356 3485 eorum
1385 3397 1925 3514 civitatcmoccupandarn
1945 3461 1964 3480 .,

621 3543 733 3631 luter
763 3567 1020 3657 perpaucos,
1049 3565 1154 3651 quos
1179 3537 1284 3623 bene
1316 3564 1516 3646 noverat,
1535 3569 1630 3628 rem·
1657 3536 1816 3626 secreto
1847 3539 1963 3652 egit-3·

619 3711 724 3774 mox
756 3705 978 3796 comperto
1009 3675 1236 3765 Pontificis-
1264 3680 1410 3762 animo
1450 3679 1506 3765 ad
1540 3709 1690 3796 pacem
1727 3683 1881 3796 proni,
1911 3684 1987 3766 Sc*

623 3821 839 3934 incoeptis·
863 3814 1051 3923 destitit,
1078 3820 1348 3932 maxi-meque
1379 3813 1571 3926 studuit,
1597 3845 1648 3908 ut
1680 3821 1731 3908 ab
1761 3819 1801 3908 se
1829 3820 1962 3908 alieni?

622 3959 848 4082 appetendi
877 3954 1160 4073 suspicionem
1192 3957 1493 4074 propulsaret
1529 3961 1805 4078 Quapropter·
1833 3973 1960 4051 'eum-

625 4106 727 4196 dem
755 4102 1018 4193 auderitatis
1046 4099 1218 4201 locum,
1249 4115 1382 4211 'quem
1409 4125 1529 4186 antea
1546 4163 1559 4204 ,
1578 4106 1718 4191 tenuit
1747 4105 1858 4220 apud
1884 4107 1967 4192 Se-

623 4247 789 4356 nenses,
810 4279 855 4340 ea
878 4247 1016 4364 gloria·
1031 4241 1188 4342 laetus,
1207 4237 1322 4352 quod
1353 4237 1644 4353 prudentiores
1674 4247 1963 4360 potentiores—

624 4417 705 4512 que
724 4415 878 4482 eorum
903 4385 955 4476 ad
988 4383 1147 4490 decus,
1160 4378 1218 4468 ad
1236 4379 1406 4471 laudern
1431 4405 1556 4501 atque
1588 4375 1828 4478 utilitatem
1853 4385 1965 4479 lter*
