4474 5858
670 430 768 553 156'
872 447 1357 543 Laurente-rar
1417 453 1776 549 Marianis

605 669 735 755 etiam
764 697 870 784 pene
888 693 1149 782 procreatam
1169 669 1296 780 (nam
1315 671 1430 786 quod
1456 671 1527 760 alii
1557 672 1637 762 hac
1668 676 1713 763 in
1744 701 1788 762 re
1821 691 1944 760 antea

603 805 907 927 praestiterant,
932 805 960 894 st
985 809 1265 902 Laurentium
1294 819 1466 906 Vallem
1495 825 1535 908 δι
1568 817 1818 904 Domitium
1839 811 1941 899 Cal-

603 953 817 1040 derinium
853 955 1060 1070 excipias,
1093 982 1180 1045 erat
1211 955 1482 1070 hujusmodi,
1513 985 1563 1048 ut
1594 989 1684 1047 non
1716 949 1941 1044 dubitasses

603 1125 675 1184 eos
706 1097 881 1188 inertiae
906 1095 1135 1214 &prorsus
1163 1093 1354 1188 inscitiae
1385 1097 1703 1214 condemnate)
1724 1101 1855 1216 magis
1873 1122 1936 1188 at-

602 1267 684 1352 que
715 1241 849 1357 magis
890 1268 1078 1330 ornaret.
1121 1241 1222 1332 Fuit
1255 1267 1399 1332 autem
1439 1241 1653 1356 majorum
1694 1241 1940 1359 vigiliarum

601 1411 757 1470 munus
787 1378 1030 1474 Herodiani
1058 1384 1208 1472 Latina
1240 1385 1553 1500 interpretatio,
1581 1413 1709 1502 quam
1733 1387 1778 1473 in
1807 1385 1937 1470 inno·

602 1526 734 1614 centii
753 1527 862 1612 VIII.
883 1529 1058 1616 nomine
1091 1555 1284 1642 apparete
1316 1525 1461 1617 voluit
1493 1525 1768 1617 Laurentius.
1789 1527 1839 1614 ln
1857 1523 1939 1612 hac

602 1665 737 1755 homo
767 1665 944 1755 Graecis
976 1663 1222 1784 Latinisque
1252 1667 1403 1758 litteris
1433 1665 1728 1760 eruditissimus
1758 1697 1825 1757 eas
1854 1659 1932 1753 fibi

599 1806 774 1928 sumpsit
801 1833 965 1927 partae,
992 1812 1055 1899 uti
1084 1813 1215 1898 annua
1244 1841 1299 1902 eat
1315 1811 1406 1926 fide
1429 1809 1743 1928 responderent,
1767 1839 1819 1900 ne
1850 1811 1940 1898 iue-

591 1971 672 2070 pta
694 1953 997 2072 peregrinitas,
1027 1979 1079 2038 ne
1107 1955 1334 2043 Graeculae
1365 1951 1536 2070 usquam
1568 1951 1756 2072 figentur,
1801 1946 1878 2062 nisi
1898 1945 1947 2064 ſs

600 2093 818 2212 quaejam
841 2113 921 2208 pro
950 2095 1119 2211 receptis
1151 2093 1382 2202 habeatnr,
1413 2097 1604 2183 Latinam
1635 2089 1753 2210 quast
1782 2094 1962 2207 pallae,

602 2257 696 2323 rent
714 2235 965 2349 castitatem,
1000 2255 1048 2321 ut
1082 2233 1224 2322 eadem
1249 2237 1532 2351 propemedum
1565 2235 1670 2352 esset
1700 2239 1861 2350 linguae
1892 2261 1939 2319 u·
1995 2311 2005 2326 .

601 2373 788 2491 tritasque
812 2375 1106 2492 perspicuitas,
1135 2375 1379 2493 caeduntque
1410 2379 1659 2485 attenditiae,
1689 2373 1799 2466 idem
1828 2394 1937 2463 ntra-

600 2515 720 2634 saiqne
738 2515 910 2632 senfin,
941 2539 1068 2631 atque
1098 2515 1252 2604 indoles
1270 2581 1281 2624 ,
1301 2523 1416 2606 nulla
1435 2549 1572 2608 uotum
1603 2513 1828 2628 morufitas,
1848 2519 1940 2604 unl-

602 2661 644 2745 Iu
684 2663 878 2749 anxietas
897 2727 918 2774 ,Ι
950 2658 1077 2752 Num
1111 2659 1229 2774 quod
1275 2657 1350 2748 srbi
1383 2659 1656 2780 proposuerat
1698 2661 1931 2753 Politianus

601 2827 743 2891 revera
785 2797 1058 2920 praestiterit,
1092 2799 1309 2920 disputant
1349 2805 1506 2895 eruditi
1541 2788 1840 2921 ('160)',qti
1876 2827 1940 2892 ta-

601 2971 703 3032 men
732 2972 882 3034 omnes
914 2946 960 3033 in
991 2975 1044 3033 eo
1075 2941 1313 3034 consentite
1343 2941 1569 3055 videntur,
1588 2943 1725 3064 ipsum
1755 2945 1933 3034 Latinae

601 3088 735 3204 magis
765 3117 894 3205 quam
923 3085 1110 3178 Graecae
1143 3087 1312 3204 linguae
1344 3083 1531 3175 studiosis
1555 3083 1816 3177 satisfecisse.
1841 3081 1938 3174 Post
2051 3131 2056 3138 1

601 3226 647 3317 id
688 3228 740 3318 ad
784 3229 1027 3349 Epistetum
1062 3227 1103 3321 se
1133 3230 1374 3334 convertit,
1406 3225 1523 3344 quod
1570 3225 1688 3318 hunc
1719 3259 1859 3320 unum
1888 3227 1940 3319 li-

593 3371 726 3460 'brum
756 3367 835 3460 esse
869 3393 1067 3486 putaret,
1103 3373 1176 3487 qui
1211 3367 1268 3473 st*
1306 3393 1483 3460 araturae
1523 3372 1738 3460 Lauretuii
1767 3370 1828 3458 ad
1853 3394 1940 3478 mu-

593 3538 681 3628 gnu
711 3513 914 3628 quaedam
935 3512 1101 3630 semper
1129 3535 1256 3628 atque
1286 3511 1423 3600 ardua
1451 3512 1682 3618 excitatae,
1710 3535 1767 3612 au
1783 3513 1835 3599 iis
1852 3533 1939 3612 tum

597 3651 721 3741 esuris
750 3655 1015 3770 temporibus,
1056 3651 1201 3772 quibus
1229 3656 1345 3740 illum
1387 3649 1572 3767 nardique
1599 3649 1779 3768 fhrttuta
1810 3677 1933 3740 exer·

599 3793 772 3886 ceredum
790 3795 964 3910 accepit,
996 3798 1172 3882 maxime
1202 3794 1375 3882 emnium
1404 3796 1736 3886 conueniret.1n
1765 3793 1844 3882 hac
1874 3794 1940 3881 in-

581 3941 901 4056 terpretatione
950 3966 1054 4027 cum
1097 3917 1344 4053 diligentius
1400 3935 1669 4054 exantinasset
1711 3939 1938 4064 verborum

598 4087 800 4175 omnium
830 4079 1040 4200 pondera,
1071 4085 1112 4170 &
1144 4107 1274 4169 voces
1302 4107 1411 4198 pene
1450 4078 1781 4190 adnumerasset,
1814 4082 1930 4170 Lati·

572 4245 675 4316 'nae
700 4229 867 4344 linguae
891 4224 1231 4314 concinnitatem
1261 4229 1302 4310 δι
1331 4246 1452 4336 aptae
1487 4221 1718 4310 verborum
1746 4223 1935 4312 colloca·

597 4369 730 4458 tionis
761 4362 1020 4459 venustatem
1048 4362 1162 4461 visus
1194 4359 1252 4456 est
1282 4359 1603 4482 contempsisse.
1624 4361 1745 4474 Nam
1774 4363 1815 4454 ei
1845 4387 1937 4460 erat
