4492 5860
616 477 688 578 :3²
810 411 1721 560 buxutum-‘stt-lvl'aon‘crs'

573 671 794 786 ‚egregiam
818 695 993 788 operam,
1011 666 1242 764 Laurentio
1259 666 1463 790 praestitit
1481 677 1495 760 .“
1522 668 1641 764 Cum
1664 671 1779 764 haud
1807 669 1923 765 mal:

571 833 671 912 ‚tum
711 807 938 928 proficeret
977 811 1213 906 Bernartius
1233 896 1234 900 t
1258 813 1390 933 apud,
1418 817 1629 936 populum
1676 817 1923 923 hortando,

572 955 766 1074 rogando
805 980 930 1072 atque
965 959 1101 1048 minas
1135 956 1358 1073 jactando,
1388 959 1495 1052 adiit
1535 957 1756 1054 summum
1785 959 1923 1048 ouo-

574 1103 717 1190 virum
753 1096 1077 1218 Magistratum,
1104 1105 1259 1220 quibus
1292 1103 1488 1215 divitias,
1514 1104 1679 1213 decus,
1710 1106 1923 1225 gloriam,

574 1271 783 1366 praeterea
813 1245 1052 1336 llbertatem
1083 1268 1206 1365 atque
1237 1235 1416 1365 patriam
1447 1245 1488 1340 se
1528 1245 1676 1340 offerte
1706 1247 1849 1355 dixit,
1891 1239 1923 1334 ss

575 1385 659 1482 suis
687 1390 851 1508 coeptis
886 1383 1112 1490 favillent;
1147 1386 1188 1481 se
1222 1393 1439 1484 vindicem
1463 1376 1607 1513 atque
1639 1386 1925 1509 oppressorem

576 1528 748 1646 injustae
793 1531 1102 1648 dominationis
1157 1529 1272 1644 fore,
1303 1537 1591 1654 praetorium,
1622 1531 1768 1625 fotum
1797 1559 1925 1651 atque

576 1703 719 1782 arcem
748 1672 818 1766 sua
849 1677 894 1762 in
925 1669 1125 1793 potestate
1155 1675 1241 1792 j'am
1271 1674 1374 1790 elle,
1407 1687 1448 1770 u
1472 1677 1582 1768 nihil
1618 1707 1706 1767 non
1736 1671 1923 1793 prosperi

575 1817 650 1910 fibi
690 1817 913 1938 polliceri,
943 1817 1265 1938 adventantibus
1296 1823 1478 1912 externis
1509 1819 1749 1910 militibus.
1792 1819 1827 1908 li
1871 1809 1927 1904 ad

574 1991 713 2054 unum
749 1991 897 2056 omnes
934 1966 980 2052 in
1014 1960 1100 2054 fide
1129 1963 1407 2082 Reipublicae
1437 1963 1706 2054 Florentinae
1734 1959 1777 2052 se
1807 1987 1926 2049 man·

500 2185 509 2198 .
576 2099 693 2194 suros
724 2103 1053 2221 responderunt,
1084 2108 1202 2224 quod
1232 2111 1272 2198 ei
1302 2107 1665 2226 desperationem,
1700 2101 1926 2222 oppidanis

576 2247 773 2368 animum
802 2251 939 2338 auxit.
984 2249 1145 2348 Interea
1190 2247 1408 2368 Georgius
1449 2248 1661 2340 Ginorius
1706 2275 1830 2364 eques
1870 2273 1925 2337 ex

575 2386 851 2480 Rhodiorum
881 2390 1072 2480 militum
1102 2391 1279 2501 ordine,
1310 2393 1383 2508 qui
1414 2399 1518 2480 cum
1548 2393 1641 2480 aliis
1667 2389 1927 2480 Florentinis

574 2527 688 2644 sorte
738 2559 792 2622 eo
812 2535 877 2624 'in
921 2533 1023 2626 loco
1069 2529 1453 2649 commorabatur,
1497 2532 1573 2663 ubi
1617 2531 1746 2623 videt
1784 2533 1929 2622 minus

509 2733 511 2736 -
574 2673 802 2794 procedere
826 2674 1058 2766 bernardo
1095 2673 1254 2772 nefaria
1301 2675 1498 2786 confilia,
1538 2705 1711 2794 remque
1758 2669 1929 2785 majoris

576 2819 779 2927 timoris,
814 2847 944 2938 quam
974 2819 1156 2946 periculi
1190 2816 1282 2924 offe
1297 2861 1322 2929 ,·
1352 2816 1674 2929 fortissimorum
1721 2815 1934 2933 juvenum:

575 2959 752 3052 colled'ta
778 2991 932 3072 manu,
951 2965 1197 3078 conjuratos
1227 2965 1369 3082 primo
1399 2965 1564 3079 impetu
1594 2962 1741 3079 pellit,
1764 2955 1927 3072 fugien-

576 3127 639 3196 tes
679 3101 965 3222 persequitur,
1000 3107 1161 3198 multos
1203 3101 1410 3204 interficit
1432 3153 1452 3200 .=
1483 3103 1719 3198 Bernardus
1760 3097 1940 3190 armatis'

577 3247 870 3340 circumdatus
899 3246 1131 3368 postquam·
1150 3250 1286 3360 vidit,
1319 3279 1456 3368 neque
1490 3247 1615 3368 flagae
1647 3273 1784 3362 neque
1813 3241 1929 3360 prae.-

577 3385 671 3478 lidii
703 3389 836 3477 ullam
866 3387 982 3507 spem
1023 3391 1100 3494 sabi
1136 3391 1253 3497 dari,
1284 3390 1450 3504 abjectis
1479 3392 1606 3474 armis
1621 3418 1649 3492 ,⁸
1666 3383 1856 3472 Ginorio
1887 3377 1955 3468 se·

578 3527 619 3621 se
633 3601 635 3606 .
651 3529 846 3623 tradidit.
877 3533 960 3624 Sed
986 3531 1242 3653 priusquam''
1259 3527 1392 3624 sedati
1421 3520 1633 3621 tumultus
1657 3524 1801 3612 nuntii
1830 3519 1929 3610 Flo-

579 3676 760 3762 rentiam
823 3671 1069 3769 afferrentur
1086 3727 1119 3786 ,·
1153 3677 1354 3792 vulgatur
1406 3671 1587 3766 Pratum.
1630 3669 1676 3756 vi
1724 3667 1931 3782 captum,

559 3813 821 3906 ‘Praetorem
859 3816 1156 3926 interfectum,
1199 3812 1480 3908 Pistorienles
1504 3840 1741 3933 quoque‘a
1786 3809 1931 3926 Repu-

577 3957 689 4050 blica
725 3955 944 4069 defecille,
975 3943 1200 4069 adventare
1230 3983 1425 4056 externos
1455 3959 1640 4065 milites,
1672 3963 1713 4045 δι
1737 3954 1944 4042 maximo·

578 4104 624 4192 in
658 4103 850 4222 peraculo
881 4133 973 4194 rem
1000 4101 1103 4194 elle.
1139 4102 1313 4214 Quibus
1342 4104 1504 4192 nuntiis
1534 4103 1708 4192 territus
1739 4097 1939 4186 Lauren-'
2006 4130 2011 4140 ¹

580 4251 664 4334 tius
693 4252 927 4365 ceterique,
948 4249 1024 4364 qui
1055 4247 1349 4368 gubernacula
1367 4244 1642 4364 Reipublicae
1673 4239 1928 4342 tradebant,

583 4391 807 4506 negotium
838 4391 990 4483 dedere
1020 4395 1216 4514 Ruperto
1248 4385 1582 4494 Sanseverinati,
1611 4389 1685 4504 qui
1710 4407 1806 4472 rum
1833 4373 1932 4468 calo

899 4575 901 4582 '
1507 4571 1513 4586 x
1651 4549 1870 4644 copiarum
