4472 5858
497 491 1053 598 'Mnenrrrcr
1113 484 1329 592 Vtrn
1516 521 1598 614 roo

326 719 540 814 reatinos.
579 716 668 839 lpse
697 717 872 810 interim
915 715 1085 838 superos
1125 747 1275 812 omnes
1296 713 1583 836 precabatur,
1617 731 1675 814 ut·

325 862 481 956 iinon
508 863 668 984 gloria,
699 859 849 954 saltem
883 891 1086 954 aerumna
1121 859 1197 954 lua
1232 851 1565 979 Rempublicam
1589 853 1671 946 ser-

327 1031 509 1108 varent;
534 1035 614 1098 nec
646 1005 790 1097 nunus
819 1007 1116 1123 potentiorum
1152 1004 1364 1094 auxilium
1391 997 1646 1120 implorabat
1659 1035 1679 1102 ‚²

326 1151 597 1267 maximeque
624 1147 886 1241 benevolum
918 1143 996 1238 fibi
1024 1143 1130 1240 fecit
1161 1143 1422 1238 Diomedem
1457 1135 1671 1234 Caraffam

327 1289 573 1384 Matalonae
590 1289 840 1400 Comitem,
866 1290 990 1407 cujus
1006 1285 1237 1382 confilium
1256 1295 1297 1380 δι
1315 1287 1541 1380 annones
1559 1283 1676 1418 mul·

327 1461 441 1532 tum·
460 1437 573 1558 apud
615 1441 780 1560 Regem
815 1439 1016 1532 valebat.
1054 1437 1145 1527 Ubi
1186 1463 1289 1530 veto
1324 1431 1397 1529 hic
1428 1437 1598 1556 aperuit·
1630 1429 1672 1522 se

327 1611 419 1674 non
448 1577 699 1674 defuturum
730 1581 1035 1706 Reipublicae,
1063 1587 1105 1672 δι
1135 1607 1240 1674 cum
1271 1609 1318 1674 ea
1347 1577 1491 1672 stabile
1520 1573 1680 1668 foedus

326 1721 370 1816 fe
399 1721 610 1814 fastorum
639 1787 652 1833 ,
682 1725 798 1842 quod
828 1725 888 1816 arl’
915 1743 1080 1817 ceteros
1110 1725 1253 1815 ltaliae
1282 1725 1500 1842 Principes
1530 1724 1581 1812 in·
1604 1713 1672 1810 of·¹

328 1860 437 1954 ficio
473 1867 764 1958 conducendos
794 1869 977 1976 valeret,
1022 1897 1112 1958 non
1142 1867 1272 1956 unius
1302 1868 1391 1958 diei
1419 1863 1669 1984 gratulatio

328 2033 456 2116 nem,
486 2001 560 2095 sed
586 2001 882 2100 ¹aeternitatem
912 2009 1369 2126 immortalitatemque
1396 2003 1438 2097 le
1468 2003 1670 2096 conseque

329 2171 429 2242 tum
469 2145 600 2240 fuitse-
634 2147 889 2244 Laurentius·
928 2149 1236 2244 arbitrabatur.
1268 2145 1369 2264 Qu
1412 2165 1457 2240 re
1498 2147 1671 2238 Florem

327 2291 437 2380 tiam
460 2291 682 2398 nuntiata,
699 2291 828 2408 plena
847 2288 1021 2385 fuerunt
1051 2294 1199 2384 omnia
1230 2292 1389 2384 laetitia
1419 2317 1547 2408 atque
1568 2317 1678 2377 con··

328 2429 641 2548 gratulatione,
668 2438 710 2522 δε
740 2433 817 2522 vel
842 2429 918 2552 ipsi
936 2433 1157 2526 Laurentii
1185 2435 1385 2542 inimici,
1409 2429 1531 2524 soliti·
1547 2457 1680 2522 evena·

329 2570 445 2661 ribus
475 2599 566 2664 non·
600 2575 834 2693 prudentia·
860 2605 931 2670 res·
956 2579 1127 2684 metiri,
1154 2575 1276 2666 haud·
1299 2569 1441 2668 satiari
1468 2572 1581 2694 polle
1605 2573 1672 2662 vi·

329 2711 536 2806 ciebantur
559 2716 613 2806 'in
643 2715 732 2832 ejus
756 2723 917 2812 virtute
948 2749 998 2809 ae
1029 2715 1262 2811 constantia
1293 2718 1504 2810 laudanda
1515 2755 1534 2822 ·,
1552 2709 1675 2833 quod

329 2879 494 2948 tanum
528 2886 620 2948 tem
653 2853 901 2951 confeciliet
930 2877 1019 2951 non
1058 2864 1145 2952 alio
1187 2859 1265 2951 nist
1295 2858 1367 2950 sui·
1405 2855 1532 2976 ipfius
1561 2855 1671 2974 peri·

329 2999 432 3088 culo
445 3032 477 3097 ,τ’
493 2995 804 3118 consiliumque
845 3003 934 3117 ejus
973 3021 1026 3094 ut'
1065 3001 1273 3094 divinum·
1307 3031 1336 3090 a
1375 3003 1538 3092 eunetis
1581 3025 1670 3086 nou

329 3139 586 3255 probabatur
627 3143 789 3251 modo,
824 3139 894 3234 sed
936 3145 1072 3236 etiam¹
1099 3145 1153 3232 in‘
1182 3141 1359 3231 eaelum·
1386 3137 1633 3232 efferebatur
1657 3191 1676 3227 .-

329 3279 449 3372 Pacis
492 3307 598 3373 vero·
637 3282 908 3376 conditiones
949 3283 1128 3378 suerunt
1152 3325 1189 3393 ,ν
1209 3301 1457 3402 quanquam
1494 3283 1675 3374 duriora*

329 3451 423 3512 non·
449 3449 614 3542 peteret
641 3426 815 3538 modo,¹
838 3424 910 3518 sed
940 3431 1074 3522 etiam
1101 3428 1282 3519 villonis·
1315 3421 1440 3516 instar
1482 3427 1669 3542 exigeret

328 3565 549 3660 Calabriae
578 3571 707 3676 Dux,
751 3595 804 3662 ut
832 3574 893 3680 is,
923 3575 1000 3688 qui
1041 3571 1236 3663 alterutri
1273 3569 1437 3660 bellum
1466 3565 1642 3660 inferret
1650 3583 1676 3676 ’,-

326 3713 577 3800 communie
613 3707 1039 3814 ltostis=haberen1t',·
1068 3733 1121 3806 ut·
1160 3716 1488 3834 praeteritarum¹
1526 3725 1670 3802 retum

328 3851 501 3940 veniam
532 3851 829 3944 Florentinia·
853 3851 1068 3946 Pontifiee
1098 3881 1322 3974 peterent-t
1342 3871 1393 3946 ut'
1411 3854 1553 3946 delieli
1576 3883 1680 3972 gra·

327 3993 391 4080 ria
419 3987 540 4082 fieret
568 3993 652 4100 iis,
683 3995 762 4109 qui
795 3997 843 4084 in
872 4023 979 4088 aree
999 3996 1280 4088 Volaterrana
1309 4023 1480 4116 propter
1510 3993 1677 4084 Pania-1·

328 4161 431 4221 nam
471 4130 823 4244 conjurationem·
871 4133 1209 4240 detinebantur;
1245 4165 1297 4232 ut
1342 4139 1532 4228 liberum·
1567 4129 1678 4226 esset·

329 4271 450 4392 Regu
483 4273 657 4367 reddere
692 4277 951 4372 Florentinis
992 4279 1175 4398 oppida,
1203 4309 1310 4394 quae
1340 4275 1448 4370 belli*
1471 4291 1676 4392 tempore

329 4412 392 4504 iis
410 4413 608 4534 adempta
638 4416 846 4533 fuerant.,.
869 4445 943 4515 aut
977 4423 1033 4512 im
1052 4413 1255 4538 potestate
1269 4417 1360 4516 illa·
1380 4416 1591 4521 retinete,-
1623 4423 1675 4512 a·
