4474 5858
687 495 764 580 168
893 485 1377 576 Lnunsrurrr
1437 477 1803 579 Mentora

619 707 920 797 excellentium
953 706 1213 822 cogitatione
1244 697 1642 794 conformarentur.
1673 699 1731 794 Et
1759 732 1813 794 ne
1846 705 1953 796 ami·

595 851 681 938 -cis
710 851 997 966 monitoribus
1027 843 1347 950 careret,'dedi't
1369 844 1447 932 -illi
1475 847 1638 936 itineris
1669 849 1851 938 comites
1869 846 1951 936 Po·

617 991 817 1080 titianum
865 999 905 1080 δι
942 991 1136 1098 Scalam,
1178 1016 1360 1105 quorum
1404 987 1671 1106 diligentiam
1713 985 1799 1110 ipsc
1844 1018 1949 1104 quo·

616 1131 851 1223 dammodo
879 1138 1191 1251 praecucurrit,
1216 1131 1381 1248 scriptis
1400 1131 1947 1252 monitisprudentissimis,

615 1277 807 1393 adquae
850 1264 965 1367 vitae
1005 1274 1177 1368 cursu'm
1217 1275 1395 1394 dirigere
1439 1275 1614 1368 debebat
1648 1275 1830 1390 (170).
1866 1277 1949 1368 Sed

615 1447 703 1534 quo
739 1422 873 1537 inagis
904 1447 1119 1512 certarunt
1148 1421 1290 1510 omnis
1319 1419 1483 1510 ordinis
1513 1417 1708 1510 homines
1737 1423 1784 1510 in
1812 1419 1949 1511 hono-

603 1561 752 1652 -rando
783 1563 1001 1656 Laurentii
1032 1562 1150 1672 filio,
1190 1593 1241 1652 eo
1271 1565 1405 1682 magis
1436 1559 1522 1681 ipse
1553 1565 1798 1672 verebatur,
1828 1591 1882 1654 ne
1900 1563 1950 1652 il·

612 1704 707 1796 -lius'
728 1706 901 1796 animus
932 1707 1065 1794 nimia
1098 1707 1331 1798 ambitione
1361 1702 1601 1815 efferrem,
1631 1713 1671 1797 δι
1701 1703 1949 1797 insolentius

613 1845 812 1966 fortunae
845 1851 1094 1944 muneribus
1133 1847 1362 1969 aliquando
1399 1850 1668 1940 abuteretur.
1700 1851 1948 1964 Quinquen-

452 2039 469 2063 ι
591 1995 685 2084 nio
731 1989 822 2110 post
853 1993 979 2084 illum
1010 2021 1181 2109 quoque
1212 1991 1512 2085 Mediolanum
1542 1995 1701 2112 legavit
1731 1994 1784 2084 ad
1815 1991 1948 2086 cobo-
2031 1983 2035 1990 ’

597 2130 824 2226 -n'estandas
858 2137 1028 2254 nuptias
1068 2135 1256 2228 Galeatii
1301 2133 1513 2248 Ssottiac,
1545 2139 1687 2254 ibique
1722 2137 1949 2228 admirabi-

608 2270 774 2364 litatem
800 2277 1035 2390 quamdam
1069 2275 1210 2370 secisse
1233 2279 1322 2393 ejus
1353 2282 1605 2400 ingenium,
1639 2281 1948 2370 humanitatem

608 2438 736 2529 atque
767 2417 1130 2535 magnificentiam
1168 2419 1374 2540 scriptum
1402 2423 1578 2514 invenio
1612 2421 1787 2539 (171).
1819 2423 1947 2514 Petro

607 2557 855 2671 proximuS,
885 2563 1113 2669 intervallo
1159 2589 1303 2654 tamen
1339 2567 1473 2654 trium
1503 2595 1714 2655 annorum
1736 2631 1748 2673 ,
1774 2591 1878 2654 natu
1906 2596 1948 2654 e·

590 2723 673 2786 -rat
701 2697 913 2810 Joanues,
945 2729 1073 2818 quem
1106 2729 1225 2820 pater
1254 2709 1301 2799 in
1328 2706 1540 2798 Ecclesiae
1566 2705 1702 2798 callris
1738 2709 1948 2800 militatu-

608 2867 724 2947 tum,
751 2840 1090 2966 amplissimisque
1118 2849 1293 2938 auitum
1324 2851 1378 2940 iri
1406 2845 1595 2940 'fortunis
1614 2845 1816 2966 sperabat.
1835 2847 1949 2959 Quia

592 2981 815 3100 quidquid
851 3015 1055 3106 magnum
1093 2992 1145 3080 iis
1188 2991 1455 3110 temporibus
1489 2991 1738 3101 accidebat,
1774 3017 1948 3108 porten-

604 3122 940 3252 di,·nonstrari,
971 3130 1166 3247 praedici
1183 3163 1255 3252 per
1286 3132 1470 3244 ostenta,
1493 3160 1711 3256 portenta,
1738 3131 1948 3243 monstra,

588 3267 883 3386 prodigiose
912 3268 1076 3368 somnia
1109 3276 1306 3370 homines
1343 3276 1589 3386 censebant,
1617 3307 1709 3368 non
1740 3271 1948 3388 definere,

605 3412 682 3524 qui
704 3410 989 3526 affirmarent,
1013 3419 1228 3520 emicem
1266 3421 1441 3531 Joannis
1477 3427 1656 3512 matrem
1682 3419 1781 3537 'jam
1815 3423 1951 3539 gravi·

603 3547 701 3648 dam
729 3553 897 3653 leonem
934 3561 1119 3679 ingentis
1141 3563 1446 3680 magnitudinis
1471 3571 1511 3654 δι
1531 3567 1661 3656 mirae
1688 3566 1870 3655 lenitatis
1897 3562 1947 3650 in

451 3737 455 3746 ·
592 3690 840 3810 ·Reparatae
876 3703 1039 3816 templo
1068 3703 1309 3794 Florentiae
1340 3709 1556 3798 omnium
1576 3710 1767 3797 maximo
1801 3701 1840 3794 sc
1875 3731 1949 3820 pa·

594 3853 694 3924 rere
725 3829 810 3932 stne
838 3842 1004 3956 gemitu
1034 3839 1284 3955 somniasse,
1309 3847 1439 3965 idque
1468 3846 1565 3938 satis
1593 3875 1734 3966 aperte
1764 3837 1947 3938 indicas·

591 3965 644 4078 :se
678 3970 868 4069 futuram
897 3989 1018 4099 pueri
1047 3989 1334 4106 dignitatem,
1370 3991 1446 4103 qui
1471 3988 1626 4081 Leonis
1658 3987 1713 4076 X.
1745 3992 1948 4094 nomine,
2012 4089 2016 4096 ,

598 4141 650 4206 ac
699 4118 961 4242 benignitate
999 4133 1041 4220 δι
1080 4125 1194 4221 sama
1253 4121 1501 4222 incredibili·
1544 4131 1822 4222 Catholicam
1865 4129 1949 4218 Ec·

482 4337 488 4346 .
602 4255 766 4354 clefian
800 4269 1076 4382 gubernavit.
1108 4271 1256 4388 Hujus
1292 4297 1469 4364 eventus
1492 4277 1711 4398 ‘poterant
1740 4269 1818 4363 elle
1863 4297 1953 4362 cer·

607 4396 719 4496 tiore
753 4405 914 4501 indicia
951 4414 1128 4522 Joannis
1169 4411 1472 4508 docililbrnum
1514 4419 1761 4537 ingenium,
1791 4422 1832 4504 δι
1862 4439 1952 4508 non

1634 4555 1887 4659 adumbrata
