4472 5858
510 485 1032 578 llaourrrcr
1092 479 1304 579 Vrtr
1486 511 1567 594 145

289 695 447 788 censeri
473 697 697 810 deberent,
716 729 803 818 quo
834 700 947 820 apud
978 731 1079 792 eum
1110 724 1498 791 commorarentur.
1520 701 1627 788 Dux

277 841 452 954 quidem
481 844 775 960 magnitudine
819 848 952 936 animi
989 841 1029 934 se
1060 844 1179 934 vinei
1210 839 1325 932 haud
1376 841 1510 962 pallus
1541 839 1630 954 est,

278 981 675 1101 locupletatamque
714 981 895 1093 statuis,
936 985 1116 1094 hermis,
1159 984 1331 1101 aliisque
1388 981 1633 1099 hujusmodi

276 1125 396 1214 rebus
428 1128 696 1244 Sangallium-
741 1128 793 1218 ab
828 1125 869 1220 se
900 1127 1078 1220 dimisit.
1122 1126 1187 1216 Eo
1220 1124 1452 1246 speslabant
1501 1127 1633 1216 etiam

276 1261 409 1356 studia
440 1265 680 1377 Laurentii,
718 1253 777 1360 ut
800 1271 989 1388 undique
1018 1271 1239 1390 colligeret
1294 1297 1450 1362 veteres
1481 1265 1629 1362 inscri-

275 1409 467 1526 ptiones,
495 1418 535 1500 δι
563 1413 654 1502 illas
685 1411 956 1532 praesertim,
982 1441 1088 1528 quae
1143 1411 1323 1506 verubus
1349 1409 1629 1529 comprehen·

274 1546 340 1636 sae
370 1577 512 1660 erant,
546 1560 725 1672 quasin
755 1559 962 1648 volumen
994 1551 1226 1660 reserebat3
1269 1585 1349 1654 nec
1384 1557 1614 1670 quicquam

276 1685 426 1782 habau
461 1701 702 1812 antiquius,
733 1726 861 1815 quam
902 1721 953 1786 ut
994 1694 1204 1805 Joannem
1262 1697 1510 1807 Jucundum
1540 1693 1628 1781 Ve-

277 1833 500 1954 ronensem
524 1839 722 1930 incitaret
746 1837 800 1926 ad
831 1835 1078 1950 hujusmodi
1099 1839 1361 1956 antiquitatis
1406 1837 1625 1950 reliquiar,

279 2002 386 2089 quae
424 2002 520 2068 tum
563 1975 823 2096 nescioquo
855 1977 1008 2069 misero
1039 1979 1277 2070 litterarum
1309 1975 1398 2068 fato
1428 1977 1612 2095 neglige-

273 2115 459 2226 bantur,
488 2121 826 2236 conquirendas,
876 2111 1011 2239 deque
1042 2125 1093 2213 iis
1124 2151 1230 2242 opus
1274 2117 1623 2224 conficiendum,

274 2258 395 2374 Opus
425 2257 588 2378 ipsum,
611 2262 657 2352 in
687 2263 832 2380 quod,
852 2261 951 2354 teste
981 2263 1190 2354 Panvinio
1208 2263 1357 2378 (146),
1376 2261 1463 2352 duo
1493 2255 1626 2375 usque

273 2401 410 2490 millia
433 2399 762 2520 inscriptionum
807 2403 1114 2509 reserebantur,
1143 2405 1374 2495 Laurentio
1405 2430 1625 2518 nuncupa-

274 2565 371 2650 tur,
402 2546 524 2661 eique
555 2546 673 2638 laudi
701 2548 848 2654 datur,
881 2546 997 2662 quod
1020 2542 1133 2643 hisce
1162 2547 1282 2636 rebus
1312 2549 1358 2638 in
1381 2546 1527 2662 primis
1553 2539 1623 2631 de·

272 2683 517 2791 leuaretur,
547 2689 776 2807 omniaque
809 2687 946 2806 figur,
976 2687 1139 2777 tabulas
1182 2689 1340 2804 pictas,
1371 2713 1500 2774 omne
1530 2712 1623 2772 cae·

209 2831 212 2836 '
273 2820 412 2913 latum
440 2853 695 2943 argentum,
724 2861 902 2937 aurum,
944 2853 1133 2948 gemmas
1201 2819 1448 2934 coementi
1489 2820 1623 2939 iisque

272 2963 458 3056 domum
496 2963 613 3056 suam
642 2967 700 3060 sre
730 2996 924 3078 ornaret,
954 2991 1004 3056 ut
1033 2965 1137 3058 haec
1178 2993 1268 3058 non
1315 2966 1497 3056 domino
1531 2994 1621 3052 ma·

273 3105 363 3222 gis,
393 3135 522 3220 quarn
555 3114 724 3204 civitati
754 3111 851 3204 esset
880 3132 1159 3212 ornamento.
1176 3107 1322 3216 ,Adeo
1350 3105 1614 3222 antiquitatis

273 3257 364 3336 erat
393 3243 596 3340 studiosus
627 3253 878 3346 Laurentius
893 3316 905 3360 ‚
923 3276 989 3350 ‚ut
1037 3249 1150 3342 hanc
1186 3251 1239 3338 in
1280 3245 1376 3365 ipss
1414 3242 1619 3336 aedificiis

272 3397 470 3505 apparere
513 3393 686 3499 vellet3
728 3413 980 3512 quapropter
1015 3421 1084 3482 eos
1125 3391 1376 3494 architeslos
1418 3416 1618 3505 coargue-

273 3529 372 3636 bat,
403 3533 555 3647 quibus
578 3565 701 3628 aurea
731 3537 927 3628 Vitruvii
963 3556 1183 3649 praecepta
1206 3525 1385 3638 ,fuissent
1421 3531 1620 3648 incogni-

274 3696 347 3762 ta.
378 3670 579 3768 Graviter
607 3705 776 3794 quoque
805 3675 1080 3794 querebatur,
1109 3673 1344 3788 &quidem
1375 3672 1489 3786 jure,
1507 3667 1618 3791 post·

273 3843 400 3932 quam
426 3815 646 3936 Philippus
678 3813 998 3910 Bruneleschius
1017 3845 1106 3908 non
1138 3813 1278 3906 solum
1306 3839 1465 3904 veteres
1481 3813 1619 3904 archi·

230 4057 236 4064 ,
273 3959 404 4047 resins
429 3961 621 4048 imitatus
654 3957 816 4066 fuisset,
849 3955 919 4048 secl
959 3957 1089 4046 etiam
1126 3951 1379 4073 superasset,
1419 3951 1617 4044 exaedifi-

272 4122 372 4190 cato
413 4096 585 4208 maioris
617 4100 768 4216 templi
800 4099 1039 4189 Florentini
1067 4095 1221 4203 tholo,
1253 4125 1341 4212 quo
1375 4093 1485 4184 nihil
1517 4122 1607 4186 naa·

274 4237 553 4358 gnifi'centius
580 4269 629 4329 ac
661 4240 900 4332 mirabilius.
925 4237 1271 4354 fieri‘potoerat,
1302 4265 1391 4328 non
1422 4235 1613 4328 multum

275 4382 477 4478 additum
500 4381 552 4474 ad
582 4372 834 4503 elegantiam
855 4387 896 4472 δι
924 4376 1184 4613 venustssm
1206 4377 1350 4490 fuisse,
1372 4375 1484 4502 quast
1508 4377 1612 4474 haec
