4472 5858
629 515 758 613 ml
876 497 1363 599 Laurtrrrrr
1423 497 1785 594 Manrcrs

604 722 737 820 etiam
767 743 832 812 ars
861 743 913 812 ut
953 714 1152 814 Pontifex
1181 718 1221 812 sc
1248 741 1449 842 unquamv
1469 715 1762 839 Neapolitano
1791 715 1955 837 Regno

606 869 849 984 potiturum
867 864 1130 986 desperaret,
1147 895 1281 988 utque
1307 870 1350 962 ei
1376 864 1558 986 lulpoila
1586 859 1687 956 cllet
1716 856 1954 954 Sanievtri·

608 1011 719 1102 natis
749 1009 854 1100 fides
869 1011 975 1127 ,qui
1004 1005 1194 1126 profetlo
1222 1039 1340 1102 arma
1369 1007 1611 1130 sumpserat,
1642 1037 1732 1100 non
1754 1031 1814 1098 -ut
1833 1005 1953 1104 ,Pons

606 1151 741 1246 tificis
771 1156 976 1264 utilitati,
1006 1149 1078 1244 led
1108 1180 1159 1246 ut
1191 1151 1364 1248 suorum
1393 1153 1639 1249 commodis
1671 1147 1954 1268 fortunaeque

608 1299 803 1402 serviret,
824 1299 931 1398 Hoc
963 1299 1101 1390 valuit
1117 1297 1170 1387 ad
1197 1297 1571 1390 commovendum
1592 1296 1835 1388 iunocentii
1860 1295 1952 1384 cni·

606 1473 759 1553 mum,
789 1449 865 1564 qui
894 1439 1087 1562 profeilo
1117 1441 1228 1533 nihil
1257 1467 1349 1532 tam
1382 1439 1620 1560 cupium,
1652 1451 1782 1558 quam
1826 1433 1952 1556 respi-

605 1613 696 1690 rare
725 1609 765 1686 a,
809 1606 930 1680 metu
971 1589 1197 1681 caedium·
1210 1579 1638 1708 deflagrationilque',
1681 1611 1812 1701 quam
1859 1609 1951 1672 non

605 1729 746 1823 folum
776 1731 981 1822 Romano
1011 1755 1143 1849 egro,
1174 1727 1246 1820 led
1283 1727 1358 1849 ipss
1401 1727 1516 1820 Urbi
1555 1722 1765 1822 alfonsus
1803 1724 1952 1816 audac

602 1865 658 1972 ed
688 1873 910 1995 quodlibet
950 1869 1146 1982 facinus,
1178 1867 1499 1992 superbiensque
1528 1869 1846 1964 foederatorum
1874 1883 1949 1959 eui·

603 2019 750 2127 illlis,
781 2013 1047 2134 confiliisque
1090 2015 1393 2125 laurentii,a
1435 2017 1592 2135 quibus
1633 2039 1753 2110 totus
1793 2007 1949 2130 pende-
2004 2129 2006 2134 Ι

604 2159 699 2270 bat,
731 2147 922 2248 minitari
954 2161 1198 2250 videbatur.
1231 2161 1351 2250 Pacis
1380 2159 1677 2268 conditiones,
1714 2185 1822 2277 quae
1852 2155 1948 2246 lto·

604 2329 699 2390 mae
740 2300 882 2392 habita
914 2301 971 2394 est
1014 2306 1126 2394 Sext
1172 2298 1313 2394 menie
1354 2329 1421 2391 an.
1451 2325 1770 2394 mcccccxxxvr.
1804 2295 1947 2392 Perdi·

603 2444 734 2536 nandi
763 2446 940 2538 nomine
968 2441 1207 2565 paciscente
1235 2443 1420 2555 Joviano
1460 2443 1685 2551 Pontano,
1719 2439 1864 2550 luere,
1894 2455 1946 2532 ur

603 2585 700 2676 Rex
731 2585 820 2698 jura
852 2589 971 2679 Sedis
1000 2585 1272 2706 Apostolieae
1293 2589 1340 2680 in
1368 2585 1710 2707 Neapolitanum
1740 2586 1946 2704 Regnum

601 2725 952 2849 agnosceremur
990 2731 1196 2830 Pontifici
1235 2727 1641 2846 annuunt'censum
1663 2725 1946 2850 persolveret,

603 2899 736 2991 utque
788 2877 958 2967 veniam
1013 2875 1224 2993 Regalis,
1270 2875 1345 2996 qui
1398 2874 1725 2990 conjuravere,
1750 2869 1943 2964 civitati·

602 3013 786 3136 busque,
820 3045 926 3135 quae
970 3016 1149 3106 illorum
1189 3039 1326 3135 partes
1366 3017 1532 3113 secutae
1572 3015 1773 3126 menne,
1797 3012 1942 3106 duct.

600 3153 701 3252 Hac
726 3159 778 3250 're
808 3158 1024 3269 confeila,
1057 3159 1296 3258 Florentini
1327 3163 1469 3282 copias
1495 3159 1602 3271 luas,
1629 3183 1731 3278 quar
1760 3157 1945 3250 ducebar

599 3297 814 3398 Nicolaus
861 3300 1086 3412 Urfinios,
1131 3307 1178 3396 in
1219 3323 1370 3424 agrum
1409 3299 1610 3397 Pisanum
1652 3323 1941 3410 revocarunt,

599 3473 654 3536 eo
684 3441 890 3551 confilio,
921 3469 972 3538 ut
1002 3445 1056 3531 ad
1097 3449 1433 3566 recuperandum
1473 3449 1726 3566 sergianum
1770 3441 1941 3560 expcdl⁶

599 3607 663 3672 ras
695 3581 925 3675 haberent.
955 3587 1109 3704 Egerat
1138 3587 1338 3680 Pontifex
1370 3609 1475 3681 'cum
1505 3584 1800 3680 Genuenfibus
1830 3581 1937 3688 suis,

600 3753 708 3812 num
739 3725 878 3841 aliqua
907 3729 1074 3824 ratione
1104 3739 1168 3826 re's
1198 3729 1251 3815 ad
1283 3733 1562 3822 'concordiam
1590 3731 1748 3823 deduci
1778 3723 1940 3846 pollet,

598 3861 756 3982 aliique
784 3867 1026 3986 Principes,
1060 3875 1327 3991 maximeque
1357 3873 1605 3972 Ludovicus
1623 3871 1782 3964 Sfortia
1810 3867 1849 3982 (t
1864 3867 1938 3984 38)

412 4069 436 4080 κ
598 4011 645 4102 ln
677 4005 796 4099 istam
833 3999 1177 4130 pacificationem
1209 4013 1249 4107 le
1281 4013 1716 4136 seinterpo'suerant.
1747 4011 1832 4103 Sed
1862 4011 1940 4102 ob·

597 4151 745 4245 stinate
786 4143 1071 4246 recusantibus
1100 4153 1425 4269 Genuensrbus,
1453 4143 1587 4276 quod·
1602 4188 1676 4278 per
1706 4159 1797 4248 vlm
1827 4155 1937 4244 abla-

600 4317 696 4394 eum
727 4323 845 4406 etat,
875 4279 1078 4410 reddere,
1107 4303 1238 4392 armis
1269 4307 1310 4391 u
1351 4295 1505 4392 castris
1536 4299 1777 4391 dirimende
1805 4293 1966 4386 disco

599 4438 737 4568 praelo
781 4461 896 4532 erat.
927 4441 1181 4545 Laurentius
1224 4444 1401 4564 quidem
1436 4440 1665 4542 trumuini
1697 4449 1740 4540 δι
1774 4441 1939 4538 Faveo·
