4472 5858
494 547 511 595 ;,
619 485 1091 584 translate:
1135 483 1399 576 Nera,
1529 513 1578 594 9¹

291 733 382 798 ttae
408 704 715 822 „Reipublicae
751 701 941 822 Legatos
966 699 1182 824 degebat,
1219 701 1375 818 quique
1414 697 1649 792 Laurentio

301 874 391 940 erat
434 846 700 942 fideliffimus
738 877 869 966 atque
907 841 1213 938 amiciffintus.
1259 843 1512 944 Ludovicus
1545 835 1649 930 Pisis

302 988 534 1090 consedit;
582 999 623 1084 δι
661 993 864 1112 quamvis
891 993 1034 1090 amice
1059 1015 1188 1106 atquc
1213 983 1457 1080 honorifice
1481 1013 1510 1072 a
1539 981 1652 1072 Lau·

302 1135 443 1232 tentio
473 1133 653 1226 ¹habitus
685 1131 856 1243 fuerit,
892 1133 1004 1228 nibil
1047 1161 1193 1226 tamen
1230 1133 1287 1223 ab
1325 1131 1404 1224 illo
1434 1125 1653 1228 obtinuit,

296 1277 419 1396 quod
443 1277 498 1366 ad
525 1275 613 1390 ejus
642 1277 924 1384 ambitionem
955 1275 1186 1368 fovendam
1216 1278 1472 1394 pertineret.
1505 1272 1653 1364 laten·

304 1424 340 1512 ti
371 1418 577 1512 Sfortiani
600 1423 781 1529 animis,
812 1419 952 1539 liquo
971 1419 1105 1512 modo
1134 1415 1299 1540 pollent
1317 1413 1473 1510 ulcisci
1497 1437 1598 1520 eor,
1623 1439 1652 1502 a

305 1565 463 1680 quibus
492 1560 533 1654 se
561 1561 695 1656 laesos
722 1559 806 1656 elie
832 1565 1169 1674 arbitrabantur,
1200 1564 1313 1656 nihil
1346 1587 1440 1654 tam
1472 1578 1648 1672 exopta·

310 1704 444 1814 bant,
474 1737 603 1824 quarn
645 1692 786 1800 utin
818 1707 941 1800 ltalia
976 1703 1108 1800 essent
1150 1732 1298 1798 motus
1335 1693 1654 1796 conretfiones·

301 1877 387 1964 que
416 1877 560 1938 rerum
587 1852 890 1968 publicammt
916 1883 1046 1971 qnare
1071 1851 1317 1944 audaciores
1344 1845 1444 1941 faui
1467 1845 1527 1936 ob
1550 1873 1653 1960 pro·

303 1989 462 2096 cellas,
509 2021 616 2107 quse
664 1993 925 2088 Florentinis
977 1993 1316 2113 impendebant,
1367 1987 1650 2110 praescriptos

301 2132 421 2224 exilii
439 2129 546 2222 lines
574 2137 875 2252 egrediuntur,
892 2165 1021 2255 atque
1051 2137 1331 2257 deponendis
1361 2135 1499 2250 copiis
1529 2129 1651 2220 labo.-

301 2299 428 2364 rant.
476 2276 559 2366 His
592 2279 862 2374 Ferdinrndo
895 2282 1006 2400 Regi
1035 2282 1277 2384 nunciatis,
1308 2275 1497 2368 stimulat
1533 2267 1648 2387 ipsos
1802 2393 1806 2398 .

308 2441 361 2508 ut
392 2415 445 2506 ad
480 2414 734 2510 Ganuenses
765 2420 1002 2533 transeant,
1033 2451 1141 2540 quor
1172 2419 1274 2512 usus
1300 2449 1426 2539 opera
1466 2409 1656 2532 Prospeti

304 2557 497 2658 Adornii
542 2563 770 2658 induxerat
804 2569 856 2658 ad
898 2565 1187 2660 deficiendum
1230 2565 1284 2654 ab
1329 2563 1512 2680 imperio
1558 2555 1654 2647 Me-

306 2699 618 2800 diolanenfium
650 2709 813 2804 Ducis,
847 2713 971 2802 Haec
997 2741 1050 2800 eo
1070 2705 1330 2826 spetlabant,
1347 2732 1399 2796 ut
1424 2706 1545 2794 Bona
1571 2697 1655 2792 suis

307 2845 615 2962 potiusquam
649 2848 1001 2947 Florentinoruna
1037 2853 1275 2945 rationibus
1301 2849 1550 2968 ,prospicere
1582 2873 1654 2932 co

304 3011 501 3103 geretur.
533 2991 746 3104 Qeritur
776 2992 997 3112 ipsarum
1037 2995 1155 3114 Rege
1199 2995 1253 3084 de
1282 2992 1385 3084 satri
1421 2987 1652 3105 indignita*

307 3151 387 3233 te,
414 3157 554 3224 vetera
586 3131 802 3225 Francisci
827 3133 1010 3229 Si'ortr'ae
1038 3141 1085 3228 in
1117 3133 1351 3226 Alfonsum
1377 3131 1650 3248 Aragonium

308 3268 516 3368 beneficit
556 3301 904 3384 commemorat,
946 3307 1026 3368 nec
1076 3279 1261 3370 foederis
1304 3275 1562 3391 religionem
1612 3264 1654 3362 se

307 3411 593 3526 violaturam,
628 3449 710 3510 nec
741 3422 1092 3514 Florentinotum
1123 3415 1411 3508 defensionem
1443 3411 1483 3506 se
1512 3410 1592 3504 des
1631 3458 1650 3480 ·

307 3576 452 3660 tutam
479 3554 671 3652 ostendit
709 3560 828 3675 (98).
865 3561 1027 3654 Coaila
1067 3589 1214 3654 tamen
1243 3560 1351 3652 ferre
1396 3585 1515 3649 arma
1545 3585 1652 3650 conr

309 3723 374 3796 tra
404 3700 578 3796 rebelles
609 3697 860 3795 Genuenses
901 3737 992 3798 non
1032 3709 1180 3798 omnia
1222 3701 1426 3825 praestitit
1462 3701 1649 3790 Lauren·

308 3845 405 3954 tio,
434 3873 549 3960 quae,
583 3841 669 3962 ipsa
710 3843 1025 3965 spoponderat,
1067 3879 1196 3967 teque
1237 3850 1349 3940 male
1387 3877 1420 3936 a
1461 3843 1543 3936 suis
1585 3873 1654 3961 ge·

308 3981 391 4092 iia,
424 4011 476 4082 ut
491 4073 496 4081 ,
512 3981 660 4095 saltem
688 3987 854 4081 amicos
884 3989 1056 4082 haberet
1074 4055 1087 4099 ,
1107 4021 1228 4108 ¹quos
1271 3967 1461 4082 subditos
1504 3988 1654 4075 habete

307 4121 584 4246 desperabat,
625 4128 691 4220 ita,
730 4123 935 4248 transegit
975 4161 1076 4223 curn
1116 4131 1298 4252 Baptista
1329 4126 1547 4248 Fregosro,
1577 4125 1654 4240 qui

232 4379 239 4388 Ι
307 4289 403 4360 ‚etat
434 4267 635 4364 Adurnio
665 4267 988 4379 insenfillrmus,
1017 4299 1071 4362 ut
1098 4273 1184 4390 ipse
1215 4303 1305 4364 non
1348 4269 1656 4361 modoauiloe

306 4407 492 4504 ritatem
516 4405 626 4504 lea.
648 4414 782 4530 etiam
826 4416 1059 4534 imperium
1090 4417 1306 4508 obtineret
1339 4423 1388 4508 iu
1432 4409 1561 4516 suom·
1579 4491 1582 4498 .
1600 4413 1655 4502 tit

1063 4555 1115 4644 M
1150 4589 1173 4645 2
1503 4551 1507 4560 ’
