4472 5858
533 527 536 533 ¹
576 477 1080 578 'Mn-ennam
1129 465 1292 574 ¹Vrr
1323 471 1379 568 ι’
1515 502 1590 568 ιιι

323 705 430 793 riam
464 697 617 796 ulcisci
648 694 816 820 possent
833 703 860 792 .'
888 700 954 792 At
989 699 1084 793 Rex
1123 699 1245 788 omni
1285 697 1457 806 lenitate
1488 691 1662 784 mollire

323 843 550 939 Pontificio
579 843 808 952 animum,
837 844 960 961 eique
1000 841 1244 962 persuadere
1274 837 1459 950 studuit,
1492 833 1531 928 se
1575 863 1665 926 nou

323 1006 413 1080 tam
444 989 549 1082 belli
577 985 709 1096 odio,
741 997 870 1106 quam
903 991 1060 1078 timore
1090 981 1368 1077 inconstantis
1386 977 1606 1089 fortunae,
1624 985 1668 1068 lt

323 1133 595 1224 barbarorum
626 1127 815 1226 hostium
856 1129 1009 1224 foedus
1038 1159 1143 1220 cum
1178 1125 1436 1219 Florentinis
1481 1117 1665 1244 pepigis-

327 1276 396 1372 se.
423 1273 565 1392 Cujus
599 1302 654 1368 ex
684 1271 872 1396 epistolis
900 1271 1110 1396 cognosci
1140 1269 1273 1392 potest
1303 1259 1450 1392 ipsum
1479 1259 1670 1360 invitasse

327 1421 634 1528 Laurentium,
665 1443 719 1512 ut
751 1417 808 1508 ad
830 1416 878 1512 se
908 1415 950 1510 se
979 1418 1133 1510 rediret
1174 1415 1213 1531 (ι
1231 1450 1244 1507 ι
1260 1417 1329 1533 ι),
1360 1413 1479 1534 quod
1519 1437 1669 1530 quam·

328 1571 396 1658 vis
425 1565 631 1656 inviolata
659 1563 853 1654 amicitia
893 1568 937 1654 de
979 1559 1132 1654 officio
1175 1557 1346 1682 integro
1387 1559 1440 1650 ud
1470 1554 1672 1649 levandas

329 1705 538 1823 quasdam
565 1703 794 1798 Pontificio
821 1703 1115 1825 suspiciones,
1141 1694 1369 1824 'novosque
1399 1685 1672 1795 conditiones

330 1842 569 1938 statuendas
596 1842 638 1938 se
659 1843 800 1940 secere
827 1843 1085 1958 declararet,
1112 1871 1204 1939 ιιοιι
1233 1841 1379 1966 potuit
1407 1863 1552 1936 tamen
1583 1867 1673 1932 non

333 1986 411 2080 esse
440 1985 624 2109 suspesla
660 1985 898 2084 Laurentio
936 1981 1180 2106 hujusmodi
1216 1989 1419 2082 invitatio
1433 2049 1447 2079 .-
1476 1979 1560 2080 Sed
1587 2013 1675 2104 quo

334 2131 415 2223 lric·
436 2132 633 2224 callidior
659 2139 703 2222 δι
738 2125 992 2250 prudentior
1025 2159 1141 2244 crat,
1179 2167 1232 2226 eo
1268 2132 1517 2250 irritabatur·
1542 2128 1710 2246 magis.

335 2272 648 2393 Hieronymus'
677 2274 851 2366 Rirriu's
889 2271 1084 2386 Comes,
1128 2278 1203 2394 qui
1221 2271 1223 2278 ’
1244 2271 1392 2368 omnia
1431 2256 1680 2392 permiscere

335 2418 530 2536 optabat,
561 2417 669 2510 dum
703 2448 759 2510 ne
787 2413 876 2510 ulla
911 2420 1143 2512 Laurentio
1190 2424 1310 2538 quies
1343 2423 1384 2510 δι
1414 2407 1503 2541 spes
1533 2402 1683 2507 salutis

334 2563 666 2680 relinqueretur.
682 2560 848 2680 ltaque,
874 2563 1213 2656 communicatis
1239 2555 1431 2654 confilii'r
1456 2579 1562 2652 curn·
1590 2559 1684 2648 Fri·-

339 2707 487 2798 derico
514 2701 675 2797 Urbini
720 2707 872 2813 Duce,
901 2705 956 2798 de·
977 2707 1105 2797 bello
1133 2703 1438 2814 instaurando,
1465 2689 1677 2820 novisque·

331 2844 464 2938 'sociis
494 2843 569 2937 fibi
585 2841 880 2938 'adsciscendis'
907 2859 1008 2941 toto
1040 2847 1211 2966 peflo're‘
1247 2847 1468 2966 cogitabat
1476 2906 1489 2938 .·
1518 2843 1686 2948 Nihilo

340 3015 485 3078 tamen
514 2989 657 3080 minus
696 2985 949 3082 Florentini
971 2993 1136 3112 legator
1173 2985 1228 3083 ad
1257 2981 1530 3114 Pontificem
1556 2977 1684 3078 mise·-
1772 2998 1778 3010 “

341 3157 468 3238 ιιιιιι,
491 3126 755 3249 experiendi
800 3125 936 3222 caussa·
953 3191 968 3244 ,v
1010 3165 1118 3224 num
1166 3125 1251 3255 ipse
1295 3138 1383 3226 ulla
1425 3138 1591 3225 ratione
1629 3125 1685 3218 ad

341 3271 692 3388 tranquillitatem
721 3271 879 3364 deduci
906 3271 1074 3392 pollet:
1104 3265 1176 3366 sed
1204 3273 1277 3370 ille
1301 3267 1389 3370 'suo
1416 3271 1542 3368 more·
1569 3261 1688 3364 fero·-v

343 3419 453 3508 citer
478 3445 542 3504 ac·
559 3410 736 3533 superbe
763 3409 805 3508 se
835 3425 1063 3536 nirrrquam‘
1103 3413 1458 3511 Florenti'norunr
1506 3405 1691 3538 postula·

342 3563 399 3652 tis
427 3567 552 3650 aures
578 3557 784 3650 daturum
811 3557 1021 3678 professor
1047 3550 1129 3651 cll,
1157 3557 1269 3650 Non
1304 3553 1602 3676 hujusmodo
1628 3547 1692 3650 fe*

343 3695 623 3810 rociarrr,sed
649 3711 690 3794 dr
719 3698 959 3820 potentiam
978 3705 1249 3795 Venetorum
1275 3699 1487 3798 timebant
1516 3696 1696 3794 Florem·

343 3849 454 3953 tini,
484 3853 526 3934 dt
555 3845 723 3964 aegrine
759 3845 890 3938 etiam
923 3841 1139 3958 ferebant,
1170 3843 1288 3967 quod
1332 3853 1522 3942 maneret
1562 3845 1689 3936 Cala·

344 3989 464 4076 briae
491 3987 600 4076 Dux
627 4017 732 4076 cum
762 3985 848 4077 suis'
876 3986 1086 4082 militibus
1119 3997 1166 4081 in
1195 3979 1282 4108 i'psir
1299 3979 1523 4081 'Senarunr
1552 3979 1687 4096 urbe,

332 4133 424 4222 'ubi
446 4133 545 4219 non
574 4127 712 4221 modo
739 4129 1072 4245 audioritareln,
1097 4134 1166 4224 sed
1195 4128 1328 4224 'eriam
1358 4121 1592 4247 imperium·
1620 4114 1696 4234 err·¹

347 4273 528 4362 ercebrt·
551 4275 614 4364 irr‘
629 4275 751 4366 civer
779 4273 895 4368 inter
919 4269 962 4364 se
976 4267 1220 4391 graviffime·
1233 4264 1519 4361 dissentientes·
1530 4251 1694 4359 ,Nurr-

347 4437 479 4529 quam
509 4441 625 4508 certe
652 4415 810 4534 majori
835 4417 884 4508 in
914 4413 1107 4536 periculo
1124 4412 1280 4509 'fuerat
1304 4406 1465 4508 civitas·
1489 4403 1592 4524 illa,-
1612 4436 1700 4506 nec
