4472 5858
598 483 1345 620 Mnetlrrrchrrn
1510 517 1595 604 133

314 709 511 807 dinanuo
541 715 653 833 Regi
682 709 939 822 fuit,milsrs
959 715 1156 839 adeum
1189 713 1407 812 Laurentii
1437 735 1562 827 opera
1589 709 1663 798 lit·

316 861 419 949 teris
453 853 622 950 Alfonfi
646 853 753 965 filii,
775 859 928 976 quibus
960 855 1000 948 le
1030 867 1070 948 &
1101 863 1368 954 incolumem
1399 849 1501 960 elle,
1520 861 1561 942 δι
1590 879 1658 938 ca·

308 996 388 1116 Jsus
425 998 522 1092 suos
565 1000 717 1118 opibus
747 999 967 1093 Laurentii
1009 1001 1262 1112 sustentare,
1305 1031 1384 1092 nec
1425 993 1658 1094 mediocris

302 1141 397 1234 ¹fibi
431 1175 454 1234 a
485 1144 747 1234 Florentinis
790 1141 843 1232 ad
885 1141 1001 1263 spem
1044 1143 1205 1238 ostendi
1239 1148 1439 1238 nuntiat.
1474 1141 1659 1248 Litterae

315 1281 487 1378 clausae
521 1283 690 1376 laminis
732 1317 785 1378 ex
825 1285 990 1380 stamno
1023 1288 1309 1398 tenuiffimis,
1353 1283 1657 1394 involutaequc

260 1461 269 1475 e
311 1459 425 1548 pane
453 1431 645 1546 primunt
675 1431 843 1541 crudo,
875 1463 978 1523 mox
1013 1435 1163 1540 cosio,
1194 1432 1315 1523 datae
1357 1425 1453 1518 sunt
1483 1422 1655 1516 homini

316 1570 483 1659 rislum
513 1565 699 1664 ostiatim
730 1571 922 1666 srmulate
954 1578 1195 1693 quaerenti,
1227 1577 1303 1693 qui
1332 1603 1463 1692 pane,
1485 1569 1539 1658 dc
1569 1593 1658 1684 quo

314 1714 530 1819 diximus,
561 1739 663 1803 cunr
696 1710 835 1806 frustis
865 1716 958 1808 aliis
988 1719 1106 1836 panis
1137 1747 1281 1837 peram
1310 1715 1564 1833 repleverat.
1597 1708 1660 1798 lta

313 1857 414 1962 ille,
452 1859 649 1972 quamvis
678 1885 828 1950 omncs
859 1862 982 1966 viae,
1013 1891 1085 1980 per
1115 1889 1219 1976 quas
1249 1855 1420 1950 transire
1450 1850 1653 1958 debebat,

312 1993 602 2088 obsiderentur
631 1999 685 2087 ab
702 1996 1158 2109 hostibus,incolumis
1187 2031 1290 2092 cum
1315 1998 1469 2090 litteris
1485 1993 1538 2083 ad
1556 1991 1653 2081 Fer·

312 2137 550 2229 dinandunr
580 2147 798 2258 pervenit.
831 2145 1007 2234 Interim
1038 2144 1199 2234 multae·
1240 2142 1361 2232 urbes
1402 2134 1653 2230 sollicitatae

306 2275 413 2372 sunt
442 2282 496 2372 ad
525 2279 815 2375 deficiendum
839 2282 1138 2390 aPontilice,
1141 2290 1181 2372 dr
1207 2281 1325 2400 quod
1352 2279 1539 2372 Perustae
1564 2278 1655 2366 Ro-

315 2421 501 2540 dulphus
531 2431 571 2514 δι
607 2421 762 2518 Guido
791 2423 1027 2546 Baglionii,
1054 2421 1231 2516 Tiferni
1267 2425 1454 2534 Joannes
1485 2428 1526 2512 δι
1568 2417 1654 2506 Ca·

315 2565 463 2656 millus
491 2567 690 2674 Vitellii,
722 2566 851 2682 (narrt
881 2569 1059 2661 illorum
1101 2595 1219 2687 pater
1255 2567 1469 2680 Nicolaus
1509 2560 1657 2680 paullo

304 2734 410 2800 ante
442 2731 625 2802 mortem
657 2709 855 2824 obierat)
878 2711 1063 2820 Joannes
1090 2710 1251 2820 Gattus
1281 2711 1494 2813 Viterbii,
1523 2703 1653 2792 Chri·

311 2847 533 2968 stophotus
577 2847 787 2940 Crifolius
822 2854 921 2940 exul
953 2851 1141 2944 Senensis
1172 2853 1356 2946 Tuderti
1387 2858 1427 2940 δι
1457 2850 1504 2936 in
1536 2842 1655 2932 Urbe

310 2992 446 3080 veteri
486 2991 774 3108 principatum
803 3017 946 3084 tenere
975 2993 1256 3102 videbantur,
1289 3001 1330 3082 δι
1361 2989 1499 3110 spe&
1531 3013 1652 3079 metu

311 3134 466 3224 tentati
499 3127 618 3222 sunt.
651 3131 819 3223 Verum
851 3164 953 3225 curn
984 3137 1243 3254 intelligeret
1274 3131 1528 3223 Laurentius
1561 3157 1650 3216 nra·

312 3275 377 3392 gis
397 3301 524 3364 curae
545 3269 623 3364 else
655 3277 905 3394 Aragoniis,
936 3276 1304 3396 quemadmodum
1335 3273 1509 3390 injurias
1532 3267 1650 3360 Nea·
1778 3273 1793 3310 ·’

308 3413 601 3530 politanotum
620 3418 908 3536 Regulorum
943 3415 1310 3535 persequerentur,
1340 3443 1470 3536 quarn
1504 3439 1649 3530 quem-

309 3556 545 3656 admodum
588 3563 812 3676 negotium
867 3557 1111 3652 facesserent
1151 3559 1393 3668 Pontifici,
1431 3561 1651 3674 laquem

308 3695 393 3814 ipse
424 3703 589 3818 optime
618 3707 829 3794 animatus
873 3729 962 3796 erat
1008 3710 1049 3808 ὃς
1090 3729 1264 3822 propter
1296 3705 1479 3820 privatas
1522 3696 1647 3788 fami·

308 3838 415 3948 liae,
458 3851 498 3934 dr
540 3869 711 3962 propter
751 3845 941 3962 publicas
982 3846 1169 3936 civitatis
1204 3847 1418 3953 rationes,
1456 3841 1652 3958 quamvis
1793 3873 1798 3882 ·

306 3983 365 4071 ob
392 3981 572 4077 foederis
613 3987 892 4104 religionem,
912 3985 1234 4078 beneficiorum
1267 3983 1642 4105 magnitudinem,

306 4131 346 4216 δι
376 4125 517 4216 ltaliae
546 4123 713 4218 bonurn
743 4157 847 4218 curn
877 4159 931 4220 eo
960 4129 1296 4248 belligerandum
1327 4125 1562 4243 putaverit,
1581 4124 1646 4210 ni÷

306 4268 371 4356 lril
401 4297 490 4358 non
520 4271 610 4386 egit
636 4267 690 4358 ad
720 4299 869 4386 pacem
900 4268 1263 4370 constituendam.
1292 4268 1337 4354 ld
1379 4289 1430 4354 ut
1458 4257 1638 4382 asseque-

304 4433 459 4518 retur,
491 4409 679 4503 adbibita
710 4408 767 4508 cst
796 4413 850 4514 ab
890 4441 944 4509 eo
988 4439 1080 4502 non
1118 4408 1255 4503 modo
1295 4406 1542 4526 diligentia,
1571 4392 1669 4500 sed
