4472 5858
581 491 1332 593 Mncrtrrrchrrn
1533 499 1583 587 rr

309 709 413 830 iaris
435 699 610 804 scientia
626 713 835 810 excellere
853 719 1131 838 putabantur,
1151 713 1528 810 Bartholomaemn
1549 703 1654 806 Soc·

309 861 478 950 cinium
496 887 517 968 ,·
553 857 804 982 Balgarium
839 859 1162 984 Bulgarinium‚
1203 862 1527 956 Lancelinttum
1568 859 1655 948 Dc·

218 1019 220 1024 ’
293 1005 462 1112 cium,
509 1003 734 1096 Andream
782 1006 1135 1117 Panhormitarn‚
1184 1006 1361 1100 Petrum
1403 1007 1654 1126 Philippum

306 1144 561 1258 Carnium,
603 1146 879 1242 Franciscnm
923 1151 1191 1260 Accoltum
1232 1153 1305 1246 cui
1338 1153 1523 1244 rAretini
1577 1178 1652 1242 co-

304 1317 493 1411 gnomen
509 1337 515 1346 ·
534 1289 655 1385 fuisse
693 1283 912 1404 diximus,
946 1293 1133 1416 aliosque
1162 1298 1267 1416 qnid
1298 1294 1372 1386 fibi
1402 1291 1652 1386 faciendum

297 1435 387 1530 esse
414 1433 669 1528 censerent?
704 1433 771 1527 Hi
813 1439 989 1558 quidem
1031 1439 1279 1558 judicarunt
1325 1438 1652 1560 provocandum
1804 1497 1808 1504 ·

304 1575 386 1670 esse
413 1575 469 1668 ad
501 1577 701 1671 futurum
731 1585 1003 1684 concilium;
1033 1592 1074 1674 &
1106 1585 1350 1693 Accoltus,
1382 1583 1496 1674 edita
1518 1567 1655 1674 'com-⁴

305 1723 572 1815 mentatione
600 1721 784 1840 quadam
810 1725 933 1841 (91),
963 1728 1114 1820 multis
1144 1725 1406 1854 argumentis
1430 1724 1651 1843 probavit,

305 1887 447 1956 tantae
480 1867 544 1956 vis
587 1896 677 1958 non
707 1867 786 1958 effe
817 1871 946 1962 laram
975 1903 1000 1961 a
1030 1869 1243 1962 Pontifice
1274 1866 1556 1973 sententiam,
1591 1884 1654 1970 ¹nt

293 2003 362 2098 ab
393 2001 517 2098 omni
547 2003 756 2105 sacrificio
795 2011 1076 2132 omnibusque
1117 2008 1242 2104 sacris
1276 2007 1561 2102 eaeremoniis
1592 1999 1653 2096 es·

296 2143 371 2240 set
392 2147 739 2244 abstinendum.
776 2155 954 2275 Propter
995 2157 1234 2247 libertatem
1252 2179 1270 2262 ,·
1301 2181 1385 2274 qua
1415 2149 1654 2270 exagitavit

300 2285 464 2382 fastum
499 2293 748 2407 Pontificis‚
784 2327 874 2390 non
904 2293 1380 2403 solum'fortunarnm,
1412 2289 1646 2386 sedetiam

297 2435 419 2526 vitae
456 2437 699 2554 periculum
728 2439 814 2560 ipse
842 2441 975 2550 adiit,
1006 2473 1030 2532 a
1061 2469 1149 2558 quo
1191 2441 1368 2532 caritate
1400 2431 1649 2534 Senensrum

293 2575 638 2672 'iiberatnssuit‘
656 2581 781 2698 (φημ’
820 2585 1028 2675 Aliorum
1056 2577 1283 2676 discrimen
1325 2581 1507 2672 minime
1548 2603 1652 2666 con·

303 2719 443 2814 tinuit
473 2719 700 2814 Gentilem
733 2724 1016 2819 Aretinorum
1047 2725 1332 2834 Pontificem,
1369 2724 1477 2844 quin
1513 2718 1651 2810 incul-

302 2889 423 2956 caret
454 2895 546 2958 non
575 2865 711 2958 modo
740 2868 926 2978 animis,
957 2865 1027 2958 sed
1068 2868 1198 2959 etiam
1221 2867 1378 2958 'oculis
1419 2893 1572 2956 eorum
1602 2891 1654 2952 o-

301 3009 507 3115 mnium,
555 3011 632 3126 qui
655 3005 801 3098 sacris
840 3008 887 3102 in
926 3011 1098 3104 Etruria
1146 3035 1396 3133 praeerant,
1437 3007 1645 3125 imagines

299 3151 626 3267 praeteritorum
653 3149 678 3244 s
682 3153 870 3244 celerum
890 3223 899 3244 .
918 3153 1052 3282 Qis
1069 3153 1142 3272 est
1182 3177 1269 3244 tarn
1301 3153 1464 3266 infirmo
1490 3150 1652 3268 ingenia

303 3287 364 3394 &r
397 3314 519 3384 tanta
552 3293 772 3408 abjectione
804 3297 954 3404 animi,
983 3297 1060 3415 qni
1094 3294 1251 3412 recuset
1285 3295 1503 3386 Laurentn'
1539 3291 1651 3406 caefi

290 3428 388 3548 firm
418 3433 689 3552 deftndere?
719 3438 819 3561 Qo
846 3439 1002 3560 infelix
1032 3434 1084 3553 fir
1109 3415 1334 3561 'confirm
1363 3467 1442 3556 qno
1473 3433 1525 3554 se
1555 3459 1648 3526 ver·

270 3569 396 3691 ,reri
418 3581 470 3668 In
499 3585 694 3698 templum
723 3579 810 3672 ne?
839 3609 885 3675 ar
905 3585 1070 3705 fratris
1093 3581 1298 3704 firnguine
1323 3580 1533 3672 redundat
1545 3615 1563 3680 ;
1592 3607 1650 3668 an

294 3714 498 3810 domum?
529 3747 757 3818 marremne
787 3749 836 3818 nr
856 3728 1085 3846 nisenam,
1116 3725 1307 3838 abjecinrn
1337 3727 1561 3847 conjugem,
1591 3727 1651 3812 ln·

295 3861 607 3982 nrerrtanresqne
637 3865 796 3960 liberos*
813 3865 999 3982 vident?
1027 3899 1084 3959 an
1112 3870 1174 3962 ad
1210 3899 1451 3964 communem
1483 3888 1651 3985 patrem

295 4002 539 4127 cnfirgier?
571 4008 690 4119 cnjus
725 4013 771 4100 in
818 4010 953 4103 odium
997 4015 1146 4106 idcirco
1184 4016 1369 4108 incurrit
1391 4041 1418 4124 ,·
1442 4001 1557 4128 qnod
1584 4007 1650 4096 vi·

296 4167 386 4240 tam
415 4147 540 4265 finnn
584 4151 636 4242 ab
675 4151 906 4276 impiifflmis
924 4153 1094 4274 ficariis
1124 4151 1402 4276 definderit?
1436 4152 1559 4242 Haec
1578 4171 1649 4240 at·

292 4315 384 4410 ‘qne
406 4291 487 4385 lus
497 4291 650 4387 similia
667 4299 901 4408 clamabat,
918 4327 970 4390 ut
991 4303 1177 4420 collegas
1199 4299 1252 4390 ad
1276 4293 1519 4390 habendum
1544 4319 1648 4384 cort·

296 4433 452 4530 cisium
494 4441 727 4556 invitaret,
773 4443 896 4558 cujus
935 4441 1116 4538 decretis
1157 4442 1437 4538 liberarentur
1476 4427 1646 4530 Etrusci
