4492 5860
658 561 689 631 ’a
811 541 1300 634 Laununrrr
1360 533 1723 638 Mrorors
1822 579 1843 658 χ

601 759 754 877 quibus
786 791 810 852 a
845 759 1097 882 Mugellano
1129 787 1230 880 agro
1261 759 1523 852 Florentiam
1552 762 1742 880 primum
1772 748 1945 850 conces·

602 904 676 1012 lit,
709 905 944 996 obtinuerit
974 903 1044 993 vel
1078 899 1271 1024 equestris
1293 901 1454 993 ordinis
1493 901 1695 1022 infignia,
1728 901 1798 995 vel
1832 899 1947 991 ordi·

602 1049 741 1137 narios
770 1048 924 1138 liberae
967 1047 1156 1136 civitatis
1174 1031 1393 1158 honores,
1422 1049 1496 1167 qui
1530 1073 1783 1138 communes
1824 1067 1944 1134 erant

603 1192 752 1282 multis
784 1195 995 1314 patritiis,
1030 1187 1188 1308 hisque.
1214 1189 1503 1282 antecelluerit
1546 1191 1708 1308 gratia,
1753 1187 1944 1294 diuitiis,

602 1331 1019 1456 consanguineorum
1049 1361 1229 1424 numero
1260 1331 1325 1448 (ι)
1342 1330 1515 1452 aliisque
1544 1331 1815 1439 nominibus,
1836 1357 1944 1444 quae

450 1551 453 1556 .
602 1478 793 1570 futuram
824 1477 913 1594 ejus
951 1479 1190 1595 potentiam
1217 1477 1642 1596 amplitudinemque
1671 1471 1943 1596 praenuntia·

600 1621 738 1714 bant.
780 1622 878 1712 Hae
904 1626 1105 1729 maxime
1154 1647 1377 1740 apparuere
1427 1620 1474 1708 in
1517 1617 1684 1712 Cosmo
1725 1611 1946 1706 Laurentii

602 1793 722 1873 avo,
769 1767 844 1883 qui
889 1767 1064 1883 egregiis
1104 1765 1370 1876 virtutibus,
1411 1763 1792 1884 magnitudineque
1826 1783 1944 1876 prae·

600 1905 746 2000 lertim
775 1907 940 2019 animi,
977 1903 1295 2027 magnificentia
1324 1933 1451 2026 atque
1481 1907 1732 1999 liberalitate
1762 1897 1948 1994 omnino

599 2050 799 2172 singulari
828 2083 881 2140 eo
908 2053 1135 2177 pervenit,
1166 2075 1217 2138 ut
1257 2045 1455 2172 summis
1462 2053 1636 2173 renibus
1679 2066 1948 2161 aequaretur.

602 2184 900 2305 Qamobtem
930 2185 1011 2282 etsi
1033 2189 1087 2280 ab
1124 2186 1346 2286 omnium
1366 2127 1598 2312 hominnm
1639 2172 1861 2306 otdlnlbus
1900 2211 1951 2272 ae

584 2313 856 2456 ¹praesertim
874 2329 1037 2454 populo
1066 2329 1084 2446 (
1096 2325 1182 2424 fuit
1210 2333 1327 2426 enim
1359 2333 1664 2428 Mediceorum
1703 2359 1805 2452 gens
1846 2325 1953 2418 sem·

605 2508 679 2600 per
707 2469 1000 2624 popularis).
1015 2476 1357 2612 benevolentiam
1394 2472 1607 2610 summam
1649 2502 1817 2596 mature
1862 2471 1953 2562 col·

602 2625 754 2742 legit,
761 2649 851 2716 non
872 2591 1043 2739 effirkit
1078 2642 1228 2720 tamen
1222 2587 1535 2737 quorumdirii
1566 2621 1860 2742 potentioeum
1890 2617 1952 2704 ci·

603 2769 730 2856 vium
771 2761 1012 2868 invidiam,
1041 2763 1158 2881 quod
1189 2765 1350 2853 vitium
1377 2761 1465 2857 fuit
1495 2761 1655 2884 semper
1689 2768 1832 2887 parvis
1863 2787 1953 2848 ma-

605 2905 782 3030 gnisque
810 2903 1057 2995 civitatibus
1089 2931 1350 2997 commune.
1383 2907 1515 2997 Ac''
1485 2941 1518 2998 ιι
1549 2909 1725 3027 quidem
1766 2905 1953 3027 spargere

609 3058 656 3146 in
687 3050 844 3167 vulgus
874 3076 947 3154 ea,
966 3073 1075 3164 quae
1098 3073 1123 3135 a
1153 3034 1319 3138 Cosmo
1343 3051 1618 3184 gerebantur,
1637 3053 1691 3148 ad
1711 3053 1953 3173 opprimen-

603 3195 704 3286 dam
745 3193 986 3282 libertatem
1026 3187 1268 3306 pertinere,
1308 3199 1546 3311 potentiam
1592 3225 1815 3316 nunquam
1855 3190 1955 3282 satis

603 3334 736 3429 fidam
764 3333 839 3424 ubi
866 3334 1072 3440 nimiam,
1109 3339 1151 3422 &
1179 3329 1316 3450 specie
1350 3336 1554 3428 libertatis
1583 3341 1765 3431 tuendae
1800 3363 1963 3454 angen.

601 3463 764 3593 dasque
788 3455 1070 3590 lltlpublleae
1096 3453 1341 3591 dignlttti's,
1371 3469 1676 3594 crudeliffimae
1717 3477 1957 3597 tyrannidis

598 3615 764 3712 semina
804 3605 973 3735 spargi.
998 3595 1089 3702 His
1124 3597 1411 3708 sermonibus
1405 3624 1655 3738 paullatim
1690 3619 1958 3714 labefaibatus

604 3761 653 3854 in
680 3760 853 3882 publica
896 3755 1103 3846 vincula
1098 3757 1395 3874 conjicitur,
1406 3769 1462 3857 δι
1502 3763 1766 3858 livaluillet
1794 3763 1957 3856 senten-

602 3910 664 4000 tis
703 3900 919 4024 nemini
961 3898 1120 3990 Albitli
1153 3894 1451 4102 aliorumque,
1480 3916 1557 4031 qui
1596 3913 1734 4032 plus
1721 3939 1806 4001 rrae
1837 3907 1958 4076 luae,

599 4196 801 4303 minem,
818 4192 904 4309 qni
933 4203 1024 4278 nun
1047 4113 1191 4280 morlo
1229 4191 1510 4330 Relpublleae
1550 4197 1845 4326 Florentinae,
1888 4102 1960 4284 led

598 4345 663 4428 ιι
685 4334 923 4427 aniversae
921 4329 1098 4426 itabat
1114 4323 1265 4423 &eus
1277 4341 1329 4426 or-
1350 4333 1612 4456 dignitatern
1646 4303 1854 4431 rinnau
1891 4325 1960 4427 'sl-

598 4477 808 4593 mutto,
849 4473 1074 4571 laentum
1093 4471 1704 4600 nuffet··.1pseuera,·neet
1745 4465 1962 4602 titaepe·
