4472 5858
517 499 1071 592 »Macutrrcr
1132 495 1347 650 llere
1544 507 1597 608 83

319 713 557 838 plantaque
585 721 906 841 perturbatione
937 717 1040 812 haec
1059 701 1346 814 'increverint
1373 717 1570 824 Siarum,
1587 721 1663 836 qui

317 858 496 983 quidem
525 867 669 984 palam-
697 863 933 956 affirmabat
960 859 1002 957 se
1030 865 1226 956 ulturum
1256 857 1448 957 facinora
1477 857 1667 978 fingula,
1704 901 1712 910 ·

315 1008 685 1128 quemadmodum
699 1037 740 1100 a
768 1007 1009 1128 quibusque
1040 1005 1186 1104 fuiffet
1226 1032 1520 1130 provocatus,
1552 1000 1664 1092 nihil

315 1157 473 1245 attinet
502 1153 672 1246 dicere.
702 1151 791 1246 His
816 1157 943 1246 rebus
972 1155 1111 1248 coalli
1140 1157 1381 1248 Florentini
1398 1155 1589 1274 cogitare
1610 1147 1663 1240 de

315 1296 493 1390 suorum
520 1297 678 1410 salute,
706 1303 923 1418 qnoniam·
944 1300 1063 1390 nulle
1103 1303 1313 1418 aequitate
1341 1329 1406 1390 res
1435 1297 1490 1388 ad
1519 1295 1662 1388 otium

313 1425 475 1534 deduci
502 1439 617 1561 polle
646 1444 902 1556 videbatur,
933 1441 1252 1564 quoquoversus
1295 1439 1502 1538 miseruut
1532 1441 1662 1562 Lega-

232 1633 233 1638 ¹
312 1607 383 1677 tas
413 1613 511 1678 tum
554 1589 714 1682 auxilia
757 1591 1053 1710 implorandi,
1093 1615 1191 1682 tum
1235 1587 1481 1708 exponendi
1524 1581 1661 1677 caulla

311 1731 413 1837 illa,
442 1759 553 1848 quae
595 1733 875 1844 acciderunt,
911 1763 1103 1852 nequae
1141 1733 1425 1852 Reipublicae
1455 1734 1590 1848 gratia
1620 1759 1661 1818 e-

310 1885 490 1993 g'et'ant,
534 1876 582 1965 in
625 1876 742 1966 illius
781 1879 1019 1995 perniciem
1060 1902 1356 1972 verterentur.
1400 1877 1510 1990 Qo
1553 1899 1660 1962 vero

308 2017 538 2134 probarent
572 2019 776 2110 omnibus
806 2021 916 2110 nihil
948 2049 1040 2114 non
1081 2015 1270 2139 gestum,
1316 2049 1371 2112 ne
1413 2020 1659 2140 cogitatum

305 2161 483 2281 quidem
514 2167 560 2252 in
592 2165 891 2280 conjuratione
933 2163 1129 2255 Palliana
1165 2162 1252 2256 stne
1295 2161 1479 2256 consilio
1507 2160 1659 2277 adpro·

305 2304 563 2423 bationeque
592 2306 706 2395 Sinti
736 2303 990 2418 Pontificis,
1014 2303 1293 2400 commillom
1322 2305 1660 2398 Bartholomaeo
1757 2287 1758 2290 Ὺ

305 2447 454 2540 Scalae
485 2443 596 2556 luit,
623 2475 675 2540 ut
703 2453 748 2542 in
769 2453 1037 2544 contexenda
1066 2451 1337 2572 Excufietirnt
1366 2447 1551 2570 quadam
1580 2441 1679 2532 nu·¹

303 2591 425 2680 mine
466 2591 746 2684 ¹Florentinae
787 2594 1103 2712 Reipublicae,
1141 2602 1217 2691 eui
1259 2621 1349 2690 erat
1384 2592 1564 2696 Scriba,
1595 2615 1658 2724 rp-

299 2723 435 2864 lerrct
454 2737 603 2827 omnia
626 2733 729 2845 illa,
742 2763 849 2852 quaa
869 2732 1187 2848 Montelrccus,
1204 2735 1466 2833 contestatus
1484 2735 1657 2834 Deum,
1695 2841 1698 2846 ,

154 2929 158 2936 -
200 2929 210 2944 ·
302 2900 533 2996 antequam
567 2887 701 2972 morti
732 2881 997 2990 traderetur,
1027 2881 1336 3000 quaesitoribus
1366 2907 1519 2970 rerum⁴
1541 2873 1656 2991 capi·

302 3019 459 3108 talium
506 3017 782 3140 responderat
810 3022 928 3140 (95).
961 3027 1175 3120 intentis
1203 3019 1405 3146 angustiis
1434 3049 1539 3112 vero
1556 3015 1656 3134 ipla

299 3153 562 3281 Respublica
594 3167 881 3285 compellabat
916 3163 1164 3286 praesertim
1205 3167 1473 3262 Fridericum
1503 3155 1654 3251 Caesae

298 3323 391 3398 rem
433 3305 560 3420 (96),
603 3311 644 3398 δι
679 3308 957 3400 Ludovicum
1000 3295 1267 3402 Francorum
1305 3311 1499 3426 Regem,
1528 3301 1662 3396 alios·

302 3459 393 3568 que
433 3449 695 3543 Catholicos
734 3452 1063 3571 Principes;&
1106 3481 1211 3546 cum
1255 3453 1535 3564 conjunilam
1577 3442 1656 3565 else

296 3592 463 3686 diceret
507 3589 689 3685 salntem
734 3591 855 3683 luam
886 3627 995 3687 cum
1042 3599 1187 3693 omnis
1227 3591 1462 3690 Christiani
1501 3589 1653 3712 populi

295 3733 602 3831 incolumitate
625 3737 763 3852 (nam
788 3737 1186 3859 periculofiffimum
1204 3738 1462 3834 imminebat
1489 3735 1653 3826 bellum

295 3869 321 3970 a
365 3877 556 3994 Turris,
599 3881 722 4001 'cujus
756 3885 1035 4008 propulsandi
1079 3913 1239 3978 munus
1285 3879 1531 4007 praesertim
1571 3867 1673 3968 else

291 4021 527 4119 videbatur
555 4027 753 4119 Romani
782 4029 1046 4146 Pontificis)
1079 4027 1301 4121 neminem
1331 4055 1422 4124 tam
1451 4023 1650 4115 inhuma·

295 4183 407 4257 num
434 4163 531 4266 fore
561 4167 785 4288 sperabat,
816 4176 897 4292 qui
940 4171 1071 4293 hujus
1110 4176 1296 4294 inceptis
1338 4167 1649 4280 conatibusque

207 4288 210 4305 ¹
286 4309 531 4404 'ambitiosus
563 4313 749 4406 minime
778 4314 1003 4416 resrste'ret.
1039 4315 1264 4408 Nonnulli
1293 4341 1346 4406 ex
1374 4308 1646 4429 Principibus

289 4443 511 4568 postulatis
539 4453 902 4553 Florentinotum
918 4456 1266 4580 responderunt,
1288 4453 1400 4552 istud
1424 4456 1645 4576 priuatum

1047 4601 1142 4698 La
