4472 5858
687 462 767 584 r4o
887 463 1800 567 LrunnurrrMnurcrt

607 685 716 778 ¹bera
756 687 986 810 dt'pacata'
1023 691 1259 809 Republica
1298 689 1483 778 maxime
1525 687 1678 808 dignae
1719 713 1962 812 putentur,

619 861 772 950 magna
796 830 890 925 sane
912 837 965 924 ad
982 865 1125 927 earum
1143 831 1832 953 amplitudinem.dignitatemque.
1851 859 1957 924 con·

618 976 721 1064 tulit
758 961 1036 1081 Laurentius;
1066 979 1112 1066 in
1137 978 1289 1093 quibus
1329 979 1722 1068 commemorandis
1764 1005 1854 1066 non
1885 1005 1956 1064 ve·

618 1099 787 1207 rebatur
827 1103 1282 1238 suspicionem'inanis
1324 1099 1642 1225 ostentationis,
1674 1151 1776 1208 cum
1807 1147 1958 1210 ornnes

619 1261 664 1348 in
696 1264 774 1351 illo
806 1265 948 1382 elogio
978 1262 1295 1373 consentirent,
1322 1269 1396 1380 per
1424 1261 1548 1350 illum
1578 1261 1744 1354 easdem
1768 1245 1876 1354 artes
1899 1247 1955 1352 ad

618 1433 776 1500 novam
807 1406 1128 1523 quodammodo
1168 1408 1302 1497 vitam
1339 1401 1461 1502 fuisse
1500 1415 1751 1532 revocatas.
1795 1405 1955 1518 Quaeri

616 1545 726 1633 illud
754 1543 862 1638 solet
891 1579 914 1636 a
945 1551 1188 1658 nonnullis,
1221 1579 1328 1640 num
1358 1547 1415 1638 ad
1441 1545 1516 1636 has
1531 1572 1641 1638 artes
1656 1543 1950 1670 provehendas

614 1687 861 1779 conducant
887 1695 1021 1809 magis
1052 1692 1460 1809 turbulenta,quam
1491 1691 1718 1808 tranquilla
1737 1715 1951 1808 tempora.

613 1831 660 1919 Si
691 1829 918 1920 Graeciam
948 1827 1180 1950 spellemur
1202 1833 1334 1948 (quid
1364 1835 1411 1922 ni
1438 1829 1670 1952 spetianda,
1687 1859 1792 1921 cum
1822 1832 1874 1922 ab
1903 1861 1952 1921 ce

614 1973 728 2090 quod
758 1964 975 2064 summum
1000 1981 1041 2064 δε
1071 1973 1303 2092 μετῐεᾶυηι
1333 1971 1389 2065 est
1415 1979 1461 2064 in
1489 1975 1661 2066 carmem
1680 1999 1787 2064 artes
1816 1973 1951 2064 dima-

612 2120 777 2226 naverit
794 2119 841 2231 ἒ)
879 2115 1024 2206 floruit
1051 2115 1139 2234 ipsa
1181 2120 1344 2236 magnis
1381 2117 1619 2210 artificibus
1647 2147 1700 2208 eo
1730 2140 1952 2234 tempore,

613 2283 702 2370 quo
729 2254 1039 2346 Themistocles
1068 2266 1109 2346 dc
1132 2257 1223 2375 post
1252 2271 1351 2348 eum
1380 2260 1562 2350 Pericles
1586 2261 1741 2352 cuncta
1769 2254 1949 2352 miscue-

612 2423 681 2502 re,
712 2421 763 2487 ut
799 2395 1025 2489 ferociores
1056 2401 1282 2490 redderent
1299 2397 1626 2510 Athenienses,
1653 2403 1729 2518 qui
1769 2401 1946 2519 quidem

612 2535 996 2630 duabus-visionis
1033 2541 1375 2646 Marathonia&
1406 2541 1635 2630 Salaminia
1660 2565 1824 2632 tantam
1853 2543 1947 2663 glo-
2101 2655 2113 2667 ἱ
2223 2593 2224 2602 ¹

601 2681 719 2769 ‘riam
758 2669 872 2799 apud
902 2713 1049 2772 omnes
1079 2707 1223 2800 gentes
1249 2680 1351 2774 sunt·
1372 2679 1624 2790 consecuti,
1655 2707 1707 2772 ut
1734 2709 1947 2774 terrorem

612 2851 703 2910 non
732 2823 867 2914 modo
897 2823 1122 2917 universae
1154 2825 1384 2950 Graeciae,
1416 2822 1484 2914 sed
1514 2827 1644 2914 etiam
1666 2820 1801 2944 ¹Asiae
1831 2825 1951 2916 intu-

610 2961 767 3056 lerint.
798 2969 847 3056 ln
877 2993 993 3060 tanta
1024 2966 1300 3061 conversione
1330 2997 1380 3058 ac
1411 2963 1732 3085 perturbatione
1759 2968 1948 3087 publica·

608 3135 706 3196 rum
733 3107 900 3222 rerum,
930 3115 1084 3231 quibus
1113 3113 1373 3206 accedebant
1395 3105 1648 3198 domesticae
1668 3138 1719 3200 ac
1742 3105 1948 3201 crudelis

607 3237 736 3343 fimae
776 3250 1067 3366 diffenfiones,
1104 3259 1239 3348 animi
1278 3281 1451 3374 quoque
1495 3247 1716 3352 artificum
1761 3251 1948 3344 incalue-

608 3387 676 3502 re,
708 3393 831 3512 seque
861 3393 1041 3514 gloriosa
1072 3398 1359 3488 aemulatione
1388 3419 1549 3486 mutuo
1576 3396 1851 3504 excitarunt,
1894 3415 1950 3486 ut

607 3565 698 3624 non
715 3537 863 3631 ‚minus
891 3567 1041 3627 eorum
1069 3536 1314 3657 praestantia
1344 3541 1392 3626 in·
1421 3533 1566 3626 statuis
1589 3565 1641 3624 ac
1668 3537 1793 3652 pislis
1819 3534 1946 3624 tabu·

607 3663 669 3766 lis'
686 3678 972 3789 elaborandis,
1003 3709 1134 3796 quam
1176 3677 1446 3769 summorum
1488 3679 1674 3766 Ducum
1712 3678 1845 3767 virtus
1887 3677 1938 3766 in

607 3815 870 3910 debellandis.
892 3821 1062 3941 populis
1091 3821 1271 3912 clara&
1301 3815 1479 3938 insignis
1507 3812 1677 3936 posteris
1708 3815 1805 3910 esset
1823 3877 1842 3910 .-
1871 3820 1941 3912 ln·

604 3985 670 4052 ter
700 3989 816 4052 arma
846 3965 979 4082 igitur
1013 3961 1320 4056 &discordias
1352 3959 1550 4079 prodiere
1580 3955 1779 4069 Phidias,
1813 3963 1944 4084 Poly-

605 4107 763 4215 cletus,
800 4105 1083 4214 Alcamenes,
1112 4108 1295 4226 Scoms,
1324 4104 1591 4222 Pythagoras
1631 4110 1674 4193 aa
1703 4099 1944 4217 Ctelssaus,

590 4243 836 4337 'Parrhasius
862 4239 908 4338 dr
930 4250 1110 4358 Zeuxis,
1141 4255 1181 4338 &
1205 4251 1279 4366 qui
1312 4245 1391 4336 hoe
1417 4245 1637 4340 consecuti
1662 4241 1786 4353 sunt,
1810 4247 1944 4367 Poly-

605 4383 745 4496 dem,
767 4387 1145 4506 Ceplrillodotum,
1170 4389 1461 4512 Leochatem,
1482 4385 1729 4520 Lysippum·
1746 4385 1943 4510 ipsosque
