4474 5858
674 529 752 609 162
875 513 1364 606 Launaurrr
1428 507 1793 599 llaorcrs

609 737 831 828 contemni
863 763 911 824 ac
957 731 1044 825 sere
1087 729 1217 822 illudi
1260 761 1283 819 a
1325 727 1550 820 cucullato
1587 724 1766 818 homine
1794 721 1957 819 diutim

610 907 844 1000 pateretur.
876 878 959 969 Sed
1000 876 1072 967 ille
1103 873 1429 965 existimationis
1478 874 1620 961 bonae
1654 867 1843 958 frusium
1878 859 1959 954 esse

611 1051 809 1141 reputans
840 1015 951 1140 polle
992 1013 1314 1108 mansuetudine
1350 1025 1391 1107 δε
1434 1015 1608 1105 lenitate
1662 1013 1732 1101 vel
1765 1001 1957 1129 agrestio-

610 1195 710 1254 rum
735 1167 901 1252 animos
933 1165 1128 1268 mollire,
1161 1159 1199 1250 se
1229 1156 1356 1249 facile
1387 1155 1749 1248 condonaturum
1779 1153 1961 1242 Savona·

610 1309 731 1398 rolae
771 1298 1036 1414 ostendebat,
1070 1303 1187 1422 quod
1223 1300 1320 1394 esl'et
1351 1307 1396 1392 in
1439 1301 1479 1393 se
1525 1291 1824 1404 inofficiosus,
1854 1293 1961 1382 dura

571 1551 574 1562 ,
611 1481 689 1570 per
708 1450 834 1540 illum
853 1450 1048 1540 meliores
1071 1445 1223 1538 fierent
1240 1445 1505 1553 Rlorentini,
1527 1451 1569 1532 δι
1591 1439 1645 1530 ad
1677 1437 1798 1532 verae'
1823 1441 1959 1528 virtu·

615 1595 672 1682 tis
697 1621 887 1682 amorem
916 1589 1308 1682 inflammarentur.
1334 1585 1452 1702 Quid
1481 1583 1511 1674 si
1536 1576 1802 1703 praevidisset
1831 1607 1961 1696 quam

615 1731 838 1824 seditiosus
868 1764 917 1823 ac
947 1733 1219 1824 turbulentus
1258 1731 1489 1850 aliquando
1527 1731 1601 1820 ille
1644 1723 1818 1820 futurus
1858 1719 1956 1812 esset

615 1879 928 1987 concionator,
958 1885 999 1967 δι
1041 1905 1171 1994 quam
1211 1877 1392 1993 turpiter
1434 1901 1484 1962 ac
1528 1874 1722 1988 aequiter
1774 1865 1960 1960 familiae

614 2005 711 2111 suae
741 2015 956 2112 infensus?
980 2023 1099 2135 Quae
1129 2017 1347 2142 postquam
1377 2014 1654 2122 acciderunt,
1672 2021 1713 2104 &
1742 2007 1963 2130 postquam

616 2159 853 2279 superstitio
902 2171 943 2254 &
987 2135 1215 2254 credulitis
1261 2159 1410 2253 cessere
1455 2155 1777 2278 philosophiae,
1820 2157 1958 2245 miror

619 2299 819 2414 equidem
850 2302 993 2394 adhuc
1027 2307 1217 2395 revocari
1248 2311 1294 2396 in
1324 2303 1507 2394 dubium
1539 2305 1717 2420 quinam
1756 2297 1822 2386 vir
1865 2293 1956 2386 fue·

616 2441 677 2528 rit
704 2441 988 2554 savonarola,
1018 2455 1058 2538 &
1090 2471 1197 2536 num
1223 2443 1462 2536 ianitorum
1497 2444 1687 2550 honore,
1718 2439 1790 2530 vel
1821 2437 1954 2528 ambi·

622 2578 831 2674 tiosorum
864 2592 905 2674 δι
936 2583 1235 2678 seditiosorum
1265 2587 1496 2679 hominum
1537 2613 1641 2678 nota
1683 2583 1838 2702 dignus
1883 2577 1960 2668 de·

621 2727 719 2814 beat
752 2725 960 2841 judicari.
990 2729 1104 2819 later
1138 2759 1239 2838 eos,
1268 2733 1343 2846 qui
1373 2733 1421 2820 in
1449 2723 1885 2822 innocentissimorum
1921 2727 1965 2812 &

620 2868 923 2986 prophetarum
959 2901 1143 2962 numero
1174 2875 1466 2965 venerandum
1496 2883 1537 2965 δι
1569 2867 1801 2963 colendum·
1827 2863 1962 2962 Savo.-

622 3013 813 3100 narolam
845 3015 1076 3131 putabant,
1108 3043 1195 3106 erat
1223 3018 1348 3106 Picus
1377 3015 1646 3124 Mirandula,
1669 3009 1791 3126 cujus
1820 3011 1963 3103 aucto-

623 3155 723 3243 ritas
755 3185 960 3273 magnum
991 3154 1088 3248 sane
1115 3159 1228 3277 apud
1254 3159 1535 3250 Laurentium
1557 3157 1728 3273 pondus
1758 3155 1961 3246 habebat.

624 3295 784 3385 Nihilo
814 3323 959 3388 tamen
989 3303 1133 3390 minus
1167 3299 1272 3393 huic
1301 3302 1564 3418 intelligenti
1604 3297 1709 3414 quid
1752 3288 1963 3388 interesset

623 3439 738 3526 inter
773 3440 994 3532 levitatem
1025 3445 1412 3566 concionatorum,
1443 3452 1484 3534 δι
1520 3445 1717 3532 animum
1747 3469 1848 3530 vere
1882 3464 1960 3551 po·

624 3578 813 3694 pularem
843 3590 884 3671 &
914 3580 1037 3672 saluti
1067 3587 1217 3702 populi
1240 3581 1558 3694 consulentem,
1577 3599 1668 3674 nori
1690 3603 1855 3701 poterat
1872 3603 1961 3666 non

626 3717 705 3806 esl'e
734 3715 915 3836 suspec'sa
945 3725 1227 3815 Savonarolae
1268 3727 1542 3843 eloquentia,
1585 3735 1627 3816 δι
1671 3725 1812 3818 ridens
1853 3720 1964 3812 Pico

622 3853 857 3950 affirmabat
886 3859 928 3952 se
958 3863 1086 3956 malle
1120 3867 1237 3958 illius
1268 3871 1565 3958 innocentiam
1590 3875 1630 3958 &
1653 3861 1962 3967 castimoniam,

625 4033 756 4123 quam
785 4005 955 4096 alterius
984 4003 1266 4098 austeritatem
1294 4011 1522 4100 aemulari.
1541 4011 1646 4100 Erat
1671 4005 1864 4127 proseclo
1893 4003 1962 4092 Pi·

609 4177 706 4276 ¹cus
735 4147 802 4236 vir
830 4147 1016 4266 integer,
1048 4145 1175 4262 justus
1204 4158 1245 4238 &
1276 4151 1522 4270 religiosus,
1549 4179 1653 4270 quas
1679 4153 1859 4240 virtutes
1888 4142 1963 4232 de·

629 4289 800 4378 curabat
850 4287 1055 4409 fingulare
1096 4293 1258 4409 ingenii
1295 4324 1475 4384 acumen
1518 4302 1559 4382 &
1606 4295 1755 4384 divina
1795 4283 1967 4407 prorsus

623 4435 864 4542 memoria,
894 4455 944 4520 ut
976 4461 1063 4524 non
1098 4435 1316 4530 immerito
1354 4435 1566 4528 Phoenicis
1600 4435 1861 4557 cognomine
1880 4455 1963 4546 ap·
