4472 5858
669 458 726 561 84
845 431 1331 599 Lav'natrtrt
1391 407 1810 546 Maureta·
1917 557 1940 608 ·;

609 669 913 787 potiusquam
950 673 1180 790 publicum
1215 671 1382 764 bellum
1421 667 1585 778 videri,
1610 667 1731 792 quod
1765 666 1956 763 Lauren·

581 815 744 938 stium,
779 815 960 904 minime
1001 845 1104 908 veto
1133 817 1431 910 Florentinam
1464 815 1800 935 Rempublicam
1841 811 1955 906 Pon-

607 955 714 1050 tifex
743 951 933 1076 persequi
962 957 1205 1070 dicetetut,
1234 987 1372 1076 neque
1401 955 1576 1050 suorum
1605 957 1830 1078 dignitatis
1871 951 1956 1050 effe

606 1101 762 1225 privati
792 1099 982 1192 hominis
1019 1098 1192 1214 injurias
1235 1105 1362 1193 armis
1407 1096 1590 1194 ulcisci.
1629 1103 1796 1194 Veteris
1830 1099 1951 1192 vLatt-

606 1247 768 1338 rentius
798 1273 851 1336 ne
881 1243 928 1334 id
958 1241 1230 1336 occafionem
1259 1247 1476 1366 praeberet
1515 1245 1709 1338 inimicis
1750 1241 1836 1338 suis
1867 1245 1951 1334 im·

601 1387 804 1482 ‘motandi
831 1389 1128 1508 alienandique
1160 1419 1185 1478 a
1216 1385 1256 1480 se
1285 1388 1437 1509 populi
1466 1389 1635 1480 animos
1663 1387 1798 1508 (quid
1829 1385 1958 1496 taint

605 1533 801 1652 populati
845 1560 945 1621 aura
979 1533 1117 1624 levius
1145 1559 1273 1650 atque
1305 1529 1616 1624 inconstantius
1633 1533 1687 1648 i)
1717 1527 1831 1649 quast
1860 1523 1949 1648 ipse

604 1679 750 1767 auiior
768 1683 808 1768 δι
826 1677 952 1795 origo
982 1670 1081 1767 effet
1110 1677 1351 1786 malorum,
1381 1705 1490 1796 quae
1518 1679 1677 1796 patriae
1707 1673 1833 1764 allata
1850 1669 1952 1766 fut·

603 1845 700 1910 tant
738 1799 1161 1938 impendebantque,
1197 1844 1249 1911 ut
1293 1820 1624 1912 malevolentiae
1669 1840 1950 1932 occurreret,
1997 1901 2003 1914 .

604 1991 657 2052 ex
704 1962 905 2056 omnibus
945 1961 1173 2054 ordinibus
1213 1995 1298 2056 coc.
1346 1961 1563 2072 dolestos,
1606 1965 1683 2082 qui
1715 1962 1945 2054 auiiotita·

603 2130 672 2212 te,
707 2105 937 2222 prudentia
979 2133 1107 2224 atque
1147 2104 1234 2198 fide
1280 2106 1434 2198 cetaria
1473 2107 1637 2198 anteire
1665 2108 1955 2224 putabantur,

604 2246 771 2336 cutavit
800 2249 847 2336 in
884 2245 1065 2338 Curiam
1101 2275 1177 2365 per
1210 2245 1511 2369 Magistratum
1545 2247 1852 2358 advocandos,
1874 2245 1953 2364 qui

604 2386 679 2476 ubi
720 2381 959 2504 frequentes
1009 2417 1287 2498 convenere,
1335 2387 1389 2478 ad
1439 2391 1540 2482 illoa
1585 2393 1634 2482 in
1679 2391 1798 2483 hunc
1854 2417 1960 2482 mo*

601 2527 712 2618 dum
753 2529 878 2620 verba
916 2525 1058 2622 feciffe
1094 2531 1280 2624 dicitur.
1309 2533 1455 2652 Neqrre
1483 2563 1633 2626 novara
1663 2561 1800 2653 neque
1829 2535 1953 2622 inart-

602 2671 738 2764 ditam
771 2673 870 2762 mihi
909 2669 979 2791 effe
1014 2671 1163 2786 debet,
1185 2665 1233 2787 ,a
1270 2675 1382 2795 qaod
1414 2705 1542 2768 arram
1573 2677 1769 2794 firmiliae
1796 2673 1953 2790 nnirae

520 2817 523 2824 ’
593 2811 760 2934 seraper
789 2813 975 2931 abjeiium
1014 2815 1130 2934 esta
1151 2813 1330 2937 faiiiafis
1361 2811 1418 2920 (ἓν
1447 2813 1656 2932 invidinis
1684 2819 1866 2928 civibus,
1905 2811 1958 2908 id

602 2989 712 3052 trane
748 2991 816 3086 ego
845 2991 1002 3082 qaoque
1033 2961 1238 3063 audiam
1268 2960 1480 3053 Mediceae
1504 2964 1623 3080 genti
1643 2963 1747 3078 jann
1765 2961 1866 3052 inde
1901 2959 1955 3050 ab

599 3103 718 3197 initia
752 3105 860 3198 nihil
894 3107 1111 3225 antiquius
1152 3105 1382 3226 dignitate,
1417 3099 1702 3222 potestateque
1714 3101 1800 3220 fita
1839 3097 1958 3222 fais

591 3247 666 3366 se,
680 3245 927 3367 seneperqrre
954 3250 1056 3356 ,dam
1080 3247 1175 3368 suis
1209 3246 1417 3340 contradis
1450 3245 1665 3363 serviret,
1685 3245 1849 3366 publica
1880 3269 1954 3334 na·

595 3389 791 3512 gleaiffe.
827 3393 997 3482 Haecine
1050 3389 1107 3504 est
1145 3391 1207 3482 ad
1245 3391 1524 3508 principatum
1567 3387 1790 3520 aspirare,
1821 3384 1951 3503 span·

480 3601 486 3622 ,
601 3557 645 3623 re
685 3531 839 3622 delatas
882 3533 1050 3622 hortarer
1066 3527 1130 3644 stc
1163 3549 1366 3647 occanere,
1399 3554 1448 3624 at
1481 3535 1514 3623 ii
1552 3563 1631 3624 narr
1666 3529 1806 3620 donanti
1832 3589 1852 3636 ,.
1877 3553 1951 3618 oe·

602 3699 696 3764 rum
730 3664 960 3764 commodati
1000 3665 1070 3787 effe
1103 3669 1352 3783 videantur,
1379 3669 1521 3794 fitque
1562 3677 1619 3768 iis
1651 3671 1777 3794 frui,
1816 3691 1866 3762 rat
1903 3667 1953 3758 r'rt

591 3811 847 3936 praestantia
892 3814 1112 3937 dignitatis
1162 3839 1289 3938 atque
1329 3813 1543 3936 fhrtanae.
1575 3815 1794 3908 communis
1834 3811 1956 3924 jnrir

598 3957 937 4080 aequabilitatem
964 3937 1128 4050 mininie
1166 3955 1396 4077 transeas?
1425 3959 1544 4078 Estne
1580 3961 1766 4080 aliquis,
1795 3953 1872 4076 qai
1896 3949 1952 4069 fir

597 4103 786 4198 mitrati
814 4127 941 4224 atqua
978 4099 1183 4216 aestimari
1207 4099 1433 4221 fiastidiat,
1458 4095 1772 4222 praesertimss
1796 4097 1867 4190 boc
1886 4087 1951 4210 fit

596 4250 770 4356 armatis
800 4247 858 4365 (φ’
885 4245 1135 4364 r‘rrdastriaa,
1165 4245 1330 4338 miratae
1358 4273 1456 4336 vera
1488 4244 1666 4338 ambitus
1696 4264 1826 4361 atque
1856 4243 1946 4330 lar·

592 4389 761 4508 giritnir
799 4387 1068 4510 praemium?
1081 4392 1196 4526 Jant
1235 4417 1335 4490 vera
1374 4388 1590 4515 dignitas,
1631 4385 1771 4498 πόα,
1805 4387 1951 4494 aaut,
