4472 5858
690 519 770 624 148
890 503 1797 608 LaurentiiMaor'cis

623 741 822 857 disicere,
853 777 902 838 ut
936 751 1226 842 invidiam&
1275 763 1441 838 metum
1483 744 1643 837 saceret
1681 745 1963 840 senensibus,

622 887 927 980 Florentiolam
956 894 1151 1009 operibus
1181 887 1573 1006 munitionibusque
1604 889 1747 1008 sepsit,
1779 897 1819 980 δι
1861 891 1962 978 alias

622 1059 758 1138 arces,
791 1061 896 1147 quac
925 1030 1155 1123 infinibus
1185 1059 1303 1126 erant
1332 1033 1552 1142 Etruriae,
1572 1027 1852 1124 restaurandas
1881 1059 1961 1120 cu·

621 1175 752 1261 ravit.
771 1172 973 1264 Extruxit
1004 1177 1220 1266 nobile&
1252 1171 1533 1293 magnificum
1565 1174 1828 1264 coenobium
1857 1171 1957 1260 Au·

622 1311 957 1432 gustinianorum
1000 1345 1131 1434 prope
1178 1317 1351 1407 Portam
1369 1333 1374 1343 “
1393 1317 1684 1408 Florentinam
1726 1317 1766 1404 S.
1800 1311 1955 1420 Galli,

544 1529 551 1548 .
622 1459 736 1550 unde
767 1467 807 1548 δε
838 1457 1050 1549 coenobio
1088 1455 1235 1574 ipsi&
1272 1459 1521 1548 Architeslo
1566 1487 1725 1548 nomen
1767 1454 1959 1545 inditum

621 1592 731 1687 suit.
759 1599 898 1688 ‘Viam
930 1603 976 1688 in
1009 1600 1111 1688 urbe
1141 1597 1267 1708 fecit,
1292 1629 1396 1716 quae
1428 1601 1484 1690 ab
1508 1600 1832 1720 illiusvnomine
1851 1599 1958 1684 Lart-

620 1765 672 1824 rn
704 1741 906 1857 appellata
949 1739 1059 1832 suit.
1092 1744 1290 1833 Habebat
1318 1745 1363 1830 iii
1395 1745 1541 1832 animo
1584 1739 1640 1830 fic
1671 1765 1820 1831 oriiare
1849 1735 1963 1825 Lau«

619 1883 856 1971 rencianam
886 1881 1108 1975 Basilicam
1138 1915 1211 2004 per
1243 1884 1332 1998 ejus
1375 1910 1508 1970 avum
1544 1875 1958 2000 magnificentissime

621 2025 971 2134 exaedificatum,
1003 2051 1055 2116 ut
1090 2029 1241 2145 templi
1270 2027 1454 2144 dignitas
1483 2029 1523 2111 &
1567 2021 1753 2114 familiae
1794 2017 1957 2111 nomen

620 2165 894 2258 desiderabat.
918 2166 976 2256 Et
1007 2168 1198 2257 multum
1229 2167 1401 2282 quidem
1430 2171 1641 2283 pecuniae
1666 2195 1762 2256 eam
1794 2163 1838 2252 in
1856 2189 1956 2252 'tent

618 2305 853 2422 impendit;
885 2330 1017 2422 utque
1048 2335 1197 2395 omnes
1239 2309 1525 2428 intelligerent
1562 2303 1803 2398 domesticis
1833 2331 1948 2420 prae-

618 2439 862 2534 clarissimae
905 2448 1076 2534 virtutis
1113 2448 1315 2565 exemplis
1347 2445 1388 2538 se
1429 2449 1632 2568 gaudere,
1665 2445 1694 2534 si
1736 2444 1838 2563 quid
1868 2445 1954 2532 im·'

616 2585 846 2704 perscitum
875 2615 899 2673 a
929 2581 1094 2673 Cosino
1124 2587 1316 2678 relietum
1348 2588 1432 2681 suit
1461 2595 1509 2680 iii
1542 2588 1752 2678 sacrarum
1791 2585 1959 2675 aedium

617 2725 953 2834 construclionc,
985 2727 1044 2814 ita
1083 2724 1385 2818 absolvendum
1416 2730 1606 2836 curavit,
1636 2751 1685 2817 ut
1724 2723 1797 2814 sua
1824 2723 1952 2816 fimul

617 2899 721 2958 cum
748 2871 817 2958 avi
848 2870 1057 2959 memoria
1080 2867 1416 2962 consecraretur.
1448 2869 1609 2960 Extant
1645 2871 1811 2958 litterae
1837 2865 1956 2958 Mat·

523 3039 526 3046 ’
616 3012 729 3101 thaei
760 3008 886 3101 Bolsii
917 3008 1032 3099 dotti
1066 3017 1107 3100 dt
1138 3013 1376 3129 eloquentis
1404 3013 1510 3120 viti,
1542 3011 1696 3130 quibus
1726 3039 1827 3102 cum
1855 3010 1949 3127 plu-

616 3155 731 3245 ribus
762 3153 898 3244 verbis
928 3177 1050 3272 rogat
1068 3220 1094 3272 ,
1112 3181 1167 3246 ut
1208 3185 1406 3275 operam,
1437 3181 1587 3242 curam
1636 3161 1678 3244 δι
1718 3156 1946 3272 pecuniam

616 3297 669 3386 ad
702 3293 1023 3414 'perficiendum
1065 3297 1344 3389 Faesulanum
1386 3294 1597 3411 templum
1637 3296 1678 3384 S.
1722 3291 1953 3387 Bartholo-

615 3440 726 3525 maei
757 3436 971 3526 conserat:
1002 3438 1155 3552 quibus
1185 3439 1259 3529 ille
1288 3437 1542 3556 respondens
1572 3467 1680 3556 peric
1722 3434 1796 3527 sibi
1835 3435 1952 3548 inju-

523 3671 525 3676 ,
615 3580 723 3664 riam
754 3571 905 3664 sustam
936 3581 1073 3668 amice
1103 3577 1267 3694 questus
1299 3575 1380 3684 est,
1412 3577 1528 3693 quod
1556 3607 1606 3669 ca
1635 3579 1688 3668 de
1709 3606 1763 3668 re
1794 3569 1954 3664 benefi-

616 3719 675 3804 cii
705 3717 811 3805 loco
835 3739 1078 3831 rogaretur,
1114 3745 1243 3831 quam
1273 3719 1471 3836 religioni
1502 3727 1543 3808 ἀ
1583 3717 1793 3832 majorum
1834 3715 1948 3804 cari·

615 3857 694 3946 tati
723 3851 765 3944 se
797 3855 946 3946 debere
976 3849 1233 3945 affirmabat.
1258 3855 1412 3974 Neque
1437 3851 1800 3979 magnificentiam
1830 3854 1952 3949 suain

498 3987 503 3994 ’
613 4003 724 4091 intra
742 4001 869 4088 unius
891 3996 1084 4088 Etruriae
1111 3996 1217 4090 fines
1243 4002 1489 4090 continuit..
1509 4001 1628 4091 Nam
1654 4003 1845 4090 imitatus
1867 3997 1958 4088 Co·

612 4139 756 4232 smum
777 4138 916 4255 ipsum
934 4135 1072 4228 Affifii
1089 4138 1214 4252 (149)
1230 4164 1353 4256 atque
1370 4143 1471 4231 alibi
1490 4143 1712 4260 religionis
1731 4135 1866 4228 canssa
1883 4165 1960 4231 aut

611 4284 699 4370 vias
729 4280 898 4389 stravit,
927 4307 1004 4374 aut
1033 4279 1174 4372 sontes
1204 4281 1394 4398 aperuit,
1412 4305 1487 4371 aut
1515 4279 1708 4371 aedificia
1763 4287 1963 4373 ornavit·

620 4419 712 4538 lpsa
739 4451 939 4534 munera,
977 4453 1083 4543 quae
1118 4424 1282 4542 magnis
1317 4421 1585 4540 Principibus
1616 4424 1811 4517 mittebat
1826 4489 1842 4536 ,
1867 4412 1969 4544 'eiua
