4474 5858
641 545 761 638 216·
849 541 1336 635 Lau'nunrtr
1398 533 1758 644 Mentora

582 761 641 861 tis
677 759 905 850 lucidiores
937 769 978 851 δι
1011 761 1333 864 abundantiores
1361 757 1462 852 elle:
1479 755 1524 876 st
1552 768 1612 854 ita
1637 765 1752 884 effer,
1783 766 1926 883 inquit

581 905 860 1014 [Laurentium
894 935 1039 995 manus
1084 905 1251 996 haberer
1299 899 1542 996 nitidiores.
1575 909 1811 1018 Alterum,
1849 910 1926 1025 qui

578 1048 734 1137 eodem
766 1051 878 1153 vitio
916 1049 1154 1158 laborabat,
1180 1081 1281 1140 cum
1315 1049 1369 1138 ad
1400 1049 1657 1142 convivium
1687 1045 1923 1158 invitasset,

580 1189 640 1279 ita
670 1187 895 1308 increpasse
921 1190 1106 1297 dicitur;
1131 1222 1276 1284 manas
1307 1199 1406 1282 lava
1429 1191 1486 1295 ὠν
1502 1220 1654 1284 coena.
1678 1191 1801 1283 Cum
1823 1189 1922 1280 Bar-

565 1333 851 1460 'tholomaeus
882 1337 1109 1428 Soccinius
1149 1333 1337 1460 Senensis
1371 1361 1611 1458 quereretur
1636 1341 1683 1427 in
1713 1336 1926 1432 convivio

578 1479 643 1567 de·
677 1479 927 1608 Florentini·
961 1481 1066 1571 aeris
1098 1483 1336 1592 tenuitate,
1367 1481 1485 1599 quod
1516 1483 1655 1608 oculis
1700 1479 1921 1584 officeret,

578 1623 633 1725 ad
666 1623 896 1741 carpendos
912 1651 998 1750 ¹eos
1028 1630 1068 1714 dc
1098 1623 1403 1733 Laurentium,
1434 1627 1510 1741 qui
1542 1627 1685 1722 minus
1717 1623 1838 1714 bonis
1864 1651 1917 1712 u-

580 1767 775 1890 rebatur;
809 1794 958 1859 veram
985 1765 1065 1880 est,
1099 1767 1209 1886 qaod
1238 1769 1332 1878 ais,
1364 1768 1419 1860 mi
1450 1770 1628 1889 Sutrini,
1668 1761 1918 1882 respondit,

570 1909 654 2028 sed
679 1911 905 2004 Florentiae
938 1907 1141 2022 dellillario
1162 1915 1303 2016 aazias
1333 1903 1527 2028 offendit,
1562 1911 1678 2030 Sertis¹
1707 1931 1828 2028 caput
1865 1903 1922 2006 δ’

578 2054 810 2159 aerearum.
842 2053 1057 2174 Omnibus
1098 2051 1297 2174 praestare
1327 2055 1555 2178 putabatur
1592 2057 1639 2144 in
1671 2056 1808 2144 ironia
1834 2046 1922 2170 dis·

582 2195 929 2318 fimulanriaque,
949 2197 1075 2314 'quod
1105 2195 1160 2287 eli
1192 2229 1326 2317 genus
1354 2201 1594 2320 perelegans
1626 2207 1667 2290 dc
1698 2227 1801 2285 cum
1832 2222 1924 2312 gra⁴

578 2341 712 2442 vitate
752 2337 926 2448 salsum,
967 2349 1008 2428 &
1042 2340 1213 2430 urbanis
1242 2338 1506 2431 sermonibus
1536 2329 1920 2434 accommodatilsrss

580 2511 729 2572 mum.
759 2480 875 2572 Belle
907 2486 1035 2585 eriam
1067 2485 1262 2575 utebatur
1294 2481 1400 2601 jocis
1443 2481 1719 2572 familiaribus
1763 2483 1809 2569 in
1849 2473 1923 2562 ad·

577 2625 900 2732 monitione,&
928 2623 1059 2726 risum
1090 2625 1215 2724 facile
1247 2626 1449 2721 molebat
1466 2627 1535 2716 vel
1557 2617 1923 2742 eupedationibus

578 2766 864 2890 decipiendis,
897 2767 966 2868 vel
1008 2769 1168 2858 naturis
1211 2775 1249 2856 δι
1296 2771 1427 2860 vitiis·
1446 2769 1627 2859 aliorum
1658 2757 1920 2862 irridendis,

580 2911 651 3004 vel
681 2905 951 3000 subabsurda·
962 2910 1148 3001 dicendo
1179 2907 1372 3002 &stulta
1404 2893 1925 3030 reprehenderemus*

580 3079 663 3168 que
688 3051 933 3162 hujusmodi
964 3055 1208 3172 generibus,
1232 3085 1337 3176 quae
1354 3055 1473 3152 verbi
1504 3053 1667 3142 ratione
1687 3055 1728 3138 δι
1751 3049 1797 3136 vi
1820 3043 1925 3133 con'·

580 3189 794 3286 sinentur.
828 3195 961 3307 Erant
990 3197 1057 3292 illi
1095 3226 1265 3314 quoque
1297 3193 1536 3314 congressus
1574 3223 1680 3319 ¹cum
1722 3191 1807 3295 iis,
1848 3181 1926 3302 qui

576 3331 729 3446 salibus
762 3347 803 3441 &
833 3336 998 3432 facetiis
1038 3341 1243 3440 excellere
1276 3339 1565 3462 putabant-um
1591 3341 1632 3422 δι
1661 3325 1792 3420 lusisse
1822 3353 1924 3414 eum

579 3481 798 3588 interdum
830 3513 932 3584 cum
962 3483 1202 3574 Dominico
1233 3479 1537 3584 Burchiellio,
1568 3473 1690 3590 cujus
1734 3463 1925 3560 carmina¹

581 3625 710 3742 nimis
739 3621 905 3716 fortasse
938 3622 1061 3718 stulte
1084 3623 1265 3738 majores
1293 3619 1428 3711 nostri
1449 3619 1702 3724 laudavere,
1721 3607 1923 3726 scriptum

581 3763 790 3872 invenio,
826 3765 943 3886 Jpcis
973 3761 1217 3879 praesertim
1240 3793 1421 3879 operam
1451 3765 1607 3873 dabat,
1639 3787 1743 3847 cum
1772 3737 1843 3841 rus
1872 3775 1926 3836 ex

582 3895 688 3992 urbe
719 3927 923 4024 tanquam
954 3923 1005 4014 dx
1035 3904 1224 4018 vinculis
1255 3905 1464 3995 evolaret.
1485 3906 1607 3992 'sum
1634 3899 1749 3988 enim
1782 3887 1924 4011 gestic-

582 4043 655 4138 bat
695 4045 748 4141 ad
781 4027 959 4150 omnem
989 4049 1124 4135 animi
1156 4043 1440 4136 remillionem
1482 4043 1720 4157 ludumque
1751 4031 1921 4126 descen-

579 4189 704 4300 dere.
742 4190 911 4281 Verum
943 4186 1274 4296 s1,uraitille
1313 4187 1459 4295 (222)
1486 4202 1740 4298 temperatae
1766 4175 1924 4292 straves

573 4330 679 4453 strar
725 4333 943 4452 argutiae,
978 4333 1211 4422 immodicae
1258 4319 1495 4443 offirrrdaat,
1538 4353 1627 4412 non
1648 4339 1926 4438 -nragnopere

586 4472 783 4606 probabis
812 4476 958 4585 illam,
989 4503 1072 4612 qua
1103 4469 1318 4623 Manentis
1350 4465 1538 4576 medici,
1566 4463 1597 4554 sr
1628 4459 1733 4565 fides
1779 4485 1926 4680 meppea
