4474 5858
664 531 749 618 ¹94
863 501 1346 600 Lnuuarrrrr
1409 499 1771 597 Maureta
1902 503 1906 512 ’

597 715 851 852 sublevanda
875 721 921 813 in
948 721 990 815 se
1016 725 1115 816 odia
1133 725 1270 816 Paulli
1288 724 1335 812 ll.
1353 724 1524 813 Summi
1543 717 1768 813 Pontificis
1783 783 1795 830 ,
1811 714 1944 811 alior-
2066 683 2068 688 Ι

596 887 680 976 que
709 860 857 953 dostos
887 861 1084 958 homines
1113 871 1165 957 iis
1193 862 1460 956 difficillimis
1482 865 1744 983 temporibus
1760 858 1941 954 afflinoe

597 1009 639 1091 ἃ
680 1003 857 1116 abjelios
905 1002 1065 1124 semper
1085 1006 1399 1101 'liberalissimus
1429 1002 1929 1120 munificentiffimusque

593 1169 671 1234 aut
704 1141 774 1234 sua
804 1148 1099 1240 benevolentia
1127 1147 1415 1269 praesrdioque
1445 1153 1579 1258 texit,
1610 1173 1684 1240 aut
1713 1147 1767 1238 ad
1796 1141 1931 1265 pristi-

595 1313 698 1376 nam
729 1287 981 1410 dignitatem
1023 1297 1264 1388 revocavit.
1302 1294 1387 1382 Vel
1429 1289 1640 1402 feminae,
1684 1319 1790 1410 qnae
1830 1317 1934 1380 eum
2015 1387 2019 1396 ,

594 1423 733 1518 Musrs
768 1435 942 1550 aliquod
974 1442 1287 1531 commercium
1319 1435 1547 1539 haberent,
1583 1434 1704 1526 nullo
1734 1465 1824 1524 non
1856 1431 1936 1522 ho·
2028 1458 2031 1467 ·

593 1599 699 1662 nore
729 1570 1018 1669 afficiebantur
1048 1613 1071 1670 a
1102 1582 1333 1672 Laurentio
1361 1577 1541 1692 (214),
1572 1602 1623 1668 nt
1664 1607 1753 1668 non
1785 1599 1936 1684 natus,

591 1711 666 1807 fed
696 1743 719 1804 a
751 1717 847 1808 Deo
878 1714 1000 1810 fiilos
1033 1719 1111 1814 effe
1141 1725 1451 1842 praedicaretur
1491 1718 1545 1809 ad
1575 1723 1723 1811 omnia
1752 1718 1939 1837 praecla-

596 1853 642 1947 ra
672 1859 841 1974 ingenia
871 1863 1060 1952 acuenda
1090 1892 1215 1984 atque
1257 1863 1586 1958 inflammanda.
1616 1862 1746 1980 ldqoe
1788 1858 1861 1951 vel
1890 1889 1933 1952 u·

593 1997 862 2118 grestioribus
891 2007 1174 2124 probabatur,
1193 2009 1309 2126 quod
1329 2033 1532 2125 tanquam
1562 2006 1615 2096 ad
1646 2027 1935 2095 mercaturam

595 2143 806 2237 bonarum
837 2151 996 2238 artium
1027 2149 1187 2248 multos
1217 2149 1287 2241 vel
1317 2181 1341 2238 a
1370 2145 1652 2242 remotiffimis
1693 2145 1940 2266 regionibus

592 2283 854 2378 Florentiam
883 2285 1122 2406 proficisci,
1153 2297 1194 2382 dt
1225 2288 1391 2410 prorius
1419 2299 1515 2412 capi
1544 2288 1766 2411 splendore
1796 2315 1940 2378 rerum

595 2419 893 2519 Medicearum
930 2431 1154 2524 viderent.
1186 2433 1311 2526 Haec
1355 2437 1472 2527 enim
1501 2435 1611 2558 ratio
1640 2463 1691 2523 ac
1722 2431 1937 2551 magnitu-

594 2563 657 2656 do
685 2568 929 2661 animorum
960 2571 1045 2664 fuit
1075 2578 1123 2664 in
1153 2575 1386 2666 Laurentio
1414 2576 1590 2692 ejusque
1615 2605 1724 2683 aro,
1755 2599 1811 2663 ut‘
1829 2583 1937 2663 c'urn

593 2707 643 2798 in
672 2714 848 2828 privatis
877 2717 997 2808 rebus
1038 2715 1203 2836 suisque
1242 2715 1506 2836 sumptibus,
1538 2719 1723 2806 minimo
1751 2740 1933 2804 conten-

595 2851 654 2961 ti,
684 2853 926 2949 tenuiffimo
955 2860 1077 2952 cultu
1108 2863 1330 2966 viverent,
1349 2861 1397 2949 in
1426 2861 1612 2976 imperio
1637 2883 1764 2970 atque
1788 2861 1835 2941 in
1853 2879 1933 2968 pu·-

594 2991 707 3084 blica
736 2997 943 3122 dignitate
966 3005 1112 3093 omniu
1142 3001 1195 3089 ad
1226 3003 1408 3120 gloriam
1439 2995 1791 3116 splendoremque
1809 3024 1933 3086 revo-

594 3161 763 3229 carent.
797 3145 868 3234 Sic
900 3145 972 3235 ille
1002 3145 1222 3253 obtinuit,
1253 3169 1303 3232 ut
1336 3169 1425 3230 non
1456 3141 1600 3230 minus
1630 3139 1770 3230 bonus
1800 3141 1940 3245 civis,

594 3303 724 3394 quam
753 3281 1052 3399 paterfamilias
1082 3288 1261 3406 diligens
1290 3282 1539 3374 haberetur.
1569 3279 1644 3370 Ad
1673 3287 1802 3398 quam
1833 3283 1945 3371 rem'

501 3400 513 3422 ’
595 3420 892 3516 declarandam
913 3427 1018 3520 haec
1041 3453 1170 3520 erunt
1189 3455 1360 3543 quoque
1383 3419 1648 3516 testimonia.
1667 3423 1796 3514 Vixit
1823 3452 1929 3513 con·

593 3561 847 3681 juniiiffime
870 3597 969 3657 cum
993 3567 1163 3656 Clariee
1186 3573 1402 3672 ποτε-,δι
1431 3561 1666 3683 gravillrme
1691 3562 1782 3678 ejus
1812 3591 1929 3652 mor·

594 3729 683 3796 tem
697 3766 710 3812 ,
726 3734 834 3820 quae
850 3707 1009 3794 accidit
1032 3735 1096 3794 an.
1121 3733 1451 3798 maceraturum.
1472 3709 1576 3798 tulit
1602 3705 1719 3819 (215
1736 3705 1770 3820 ).
1799 3702 1931 3816 Quod

594 3839 725 3952 boitro
750 3845 1000 3962 prodemiae
1042 3857 1082 3938 ἃ
1113 3849 1264 3938 virtuti
1304 3849 1541 3966 plurimum
1584 3845 1858 3954 confidebat„
1890 3851 1946 3938 &2

594 3980 715 4102 quod
759 3991 973 4078 metuebat
1003 4019 1057 4078 ne
1093 3993 1281 4080 nimium
1321 4018 1464 4082 tenera
1508 3987 1786 4110 Magdalenae
1814 3987 1931 4078 filiae

595 4151 705 4216 aetas
735 4123 878 4244 inepta
908 4126 1006 4218 effer
1044 4126 1228 4220 ferendis
1258 4132 1583 4250 molliendinlue
1612 4134 1802 4224 moribus
1831 4129 1940 4237 viri,

593 4264 685 4381 post
725 4267 954 4361 cariffimae
991 4269 1186 4389 conjugis
1217 4295 1403 4360 mortem
1436 4275 1555 4362 illam
1598 4272 1701 4362 fidei
1740 4269 1934 4360 credidit

596 4403 758 4500 Mariae
786 4411 1037 4522 Medieeae,
1072 4441 1178 4530 quae
1219 4437 1353 4530 nupta
1394 4433 1518 4504 antea
1558 4405 1763 4502 Galeatin
1789 4405 1931 4522 nara
