4474 5858
697 525 777 608 186
897 509 1812 616 anutu·r11.Mrorcrs

629 737 732 826 tiam
777 733 918 824 levem
950 761 1074 852 atqua
1115 735 1288 854 inopem
1330 729 1409 823 elle
1451 731 1789 832 arbitrabantur:
1827 735 1975 850 itaque

630 879 767 970 minas
790 876 1016 986 iaiianrlo,
1049 904 1138 976 ¹aut,
1161 879 1356 996 pericula·
1378 875 1674 984 intendendo,
1717 901 1795 968 aut
1824 872 1977 969 formiv
2118 951 2119 959 a

630 1019 753 1111 dines
782 1019 1042 1140 opponendo
1070 1021 1276 1115 umericia
1303 1051 1393 1112 non
1420 1020 1698 1128 obtinebant,
1724 1015 1799 1110 sed
1823 1013 1974 1110 extor-

630 1163 842 1284 uacuam..
869 1167 983 1289 intre
1013 1163 1104 1264 hos*
1121 1165 1363 1292 eminebant
1386 1164 1612 1260 Calabriae
1643 1167 1775 1270 Dux,
1806 1165 1973 1280 inquo

631 1307 742 1402 nihil
771 1305 863 1400 fuit
888 1325 1082 1426 unquam
1100 1309 1384 1404 “moderatum
1413 1315 1454 1402 bt
1485 1307 1673 1426 pudens,
1703 1313 1745 1396 br
1773 1307 1969 1398 Ludovi·

632 1482 710 1542 cus
739 1451 896 1548 Sfortiu
926 1457 1063 1554 homo
1104 1453 1216 1548 serus
1257 1479 1401 1570 atque·
1424 1455 1658 1570 impotenti
1698 1450 1971 1543 ambitione.

633 1595 716 1688 Sed
748 1597 999 1694 Laurentius
1019 1597 1276 1690 molliendos
1298 1595 1593 1706 animomel
1627 1601 1859 1688 contrarias
1892 1623 1969 1684 vo·

635 1737 817 1836 luntatcs
841 1739 1251 1850 fibiconciliandm,
1275 1743 1612 1860 opportunitate¹
1627 1741 1885 1831 idoneorum
1915 1735 1969 1824 ad

635 1883 850 2005 egendum
892 1911 1136 2010 temporum
1183 1885 1428 1994 utendum,
1450 1885 1753 1986 adhibendam
1793 1883 1971 1974 dexteri·
2025 1875 2027 1878 ’

634 2053 766 2120 tatem
820 2052 946 2144 atque
1012 2026 1283 2144 prudentiam
1324 2026 1549 2140 censebat,
1585 2033 1702 2149 quod
1747 2053 1898 2136 utrum
1921 2025 1969 2114 'ei

630 2163 851 2286 gloriosius
889 2201 943 2258 an
992 2167 1245 2266 laboriofiuu,
1281 2166 1418 2263 fuerit
1443 2171 1622 2264 difficile
1662 2169 1720 2262 est
1756 2169 1970 2288 judicare.

572 2431 575 2440 Ι
629 2310 773 2400 Tanta
813 2315 930 2402 enim
962 2312 1046 2402 illis
1078 2315 1342 2431 temporibus
1382 2341 1474 2406 erat
1512 2311 1724 2408 ilistor'dia
1765 2313 1972 2404 Italorum

630 2447 909 2586 Principum,
939 2479 991 2546 ut
1018 2455 1176 2550 ncceffe
1204 2455 1419 2548 videretur
1455 2461 1738 2552 inclinatione
1770 2455 1970 2546 volunta·

631 2594 687 2682 tis
715 2593 769 2682 in.
792 2594 1002 2709 aliquem,
1019 2597 1174 2688 odium
1204 2601 1251 2688 in
1281 2599 1322 2689 [e
1350 2597 1589 2694 multor'um
1608 2595 1849 2694 'bominum
1872 2595 1972 2713 'gra‘

630 2733 785 2854 vesque
823 2733 1077 2832 offensiones.
1100 2745 1353 2834 concitare·
1376 2743 1644 2864 Quapropter
1684 2737 1773 2832 non
1814 2731 1970 2826 vereor

631 2909 687 2968 ne
716 2877 858 2970 videar
899 2878 1089 2978 assentari
1133 2884 1391 2998 Laurentio,
1419 2886 1452 2976 sr
1486 2888 1756 2977 affirmavero
1785 2875 1967 2994 singulu-

553 3056 555 3060 ’
631 3045 723 3110 rem
763 3027 803 3110 &
833 3055 941 3139 pene
970 3023 1162 3118 divinam
1205 3029 1250 3116 in
1280 3027 1359 3117 hae
1391 3057 1534 3120 rerum
1563 3025 1818 3118 difficultate
1848 3019 1965 3108 illiue

631 3161 901 3279 prudentiam
932 3163 1076 3258 firille.
1109 3169 1231 3260 Cum
1260 3169 1431 3261 haberet
1460 3191 1595 3260 certas
1624 3169 1718 3258 vias
1738 3193 1871 3282 atque
1904 3190 1969 3252 ra-

626 3305 794 3412 tiones,
823 3305 984 3424 quibui
1018 3306 1308 3403 diffidentium
1342 3314 1595 3430 Principum
1634 3314 1816 3401 conatus
1850 3293 1966 3396 inve-

631 3443 778 3568 stigare
804 3445 1070 3566 &consequi
1098 3449 1258 3570 pollet,
1276 3453 1337 3544 ita
1361 3485 1426 3546 res
1457 3459 1512 3546 ab
1541 3456 1621 3546 illo
1642 3439 1972 3572 agabenorum

632 3589 678 3680 in
708 3611 863 3684 eorum
880 3591 1067 3684 conliliis
1084 3597 1286 3686 omnibus
1310 3629 1400 3686 uon
1426 3597 1560 3688 modo
1583 3625 1728 3704 aures,
1747 3591 1816 3684 sed
1837 3595 1972 3681 etiam

632 3733 755 3820 oculi
772 3732 987 3826 Lamentii
1011 3737 1200 3830 intereffe
1217 3737 1485 3830 viderentur.
1504 3739 1692 3832 Dolebat
1713 3767 1819 3830 vero·
1832 3761 1883 3825 ac
1899 3758 1971 3820 ve·

633 3869 853 3964 hementer
878 3879 1130 3995 angebatur,
1155 3911 1256 3970 cum
1286 3881 1451 3974 videret
1468 3881 1728 3975 Pontificem
1754 3872 1969 3970 infensum

631 4038 759 4129 atque
791 4016 1020 4140 inimicum
1051 4021 1158 4112 adeo
1188 4023 1580 4145 Neapolitanorum
1601 4027 1739 4145 Regi,
1761 4051 1813 4114 ut
1843 4049 1972 4111 voca·

631 4183 678 4250 re
706 4159 752 4248 in
776 4157 1008 4272 judicium,
1028 4171 1068 4254 br
1089 4197 1115 4256 a
1133 4163 1255 4256 sacris
1274 4197 1492 4261 removere
1510 4171 1636 4260 illum
1658 4173 1716 4263 ob
1746 4199 1834 4258 non
1858 4163 1972 4254 solu·

631 4323 676 4386 ta
706 4299 805 4392 Sedi
834 4303 1107 4422 Apostolicae
1123 4310 1282 4398 tributa
1296 4319 1317 4416 ,‘
1331 4307 1537 4424 huiusque
1568 4313 1657 4420 jura
1688 4311 1844 4399 violatu
1862 4333 1971 4394 con-

634 4434 777 4534 silium
804 4453 964 4564 ceperit
983 4447 1121 4566 (201).
1141 4449 1430 4544 Multa'etant
1458 4447 1656 4562 vincula,
1685 4451 1967 4569 quibuscum
