4492 5860
1134 155 1141 200 l

524 533 572 551 ··
643 488 1113 584 Maeonios
1165 487 1386 580 Vir-a
1548 493 1607 604 69

334 705 379 797 in
417 707 592 800 Arnum
622 709 853 825 dejicitur,
883 712 956 830 qui
985 739 1059 830 per
1102 705 1200 800 illus
1242 706 1333 798 dies
1373 709 1538 825 mugnis
1578 706 1674 824 plu·

332 853 414 942 viis
458 852 749 944 intumuerat.
792 857 853 944 ltu
893 853 967 943 ille
1008 856 1212 970 patricius
1253 885 1305 944 ex
1349 875 1475 970 gente
1507 843 1707 940 clarilli··

331 1025 426 1106 ma,
469 997 607 1116 gravis
648 1021 782 1085 aetate
811 995 947 1107 (nam
977 1025 1071 1084 ixx.
1104 1026 1267 1085 annum
1298 995 1473 1114 agebat)
1520 993 1596 1109 qui
1630 1021 1677 1078 o·

332 1138 749 1258 mnes-superaverat
777 1140 941 1228 divitiis
959 1203 971 1245 ,
991 1141 1065 1255 qui
1095 1139 1142 1226 in
1173 1139 1413 1256 Republica
1439 1132 1565 1225 facile
1594 1133 1679 1252 pri·

331 1289 423 1374 mus
452 1310 595 1374 tenere
624 1276 849 1401 potnill'et,
877 1289 1036 1397 quique
1067 1283 1124 1370 ub
1156 1283 1291 1370 multa
1321 1289 1363 1368 &
1388 1275 1565 1396 insignia
1589 1303 1678 1366 me·

334 1430 416 1519 rita
445 1429 606 1542 iamdiu
641 1420 818 1543 equestri
843 1424 995 1514 urdine
1021 1423 1248 1516 decoratus
1285 1421 1448 1530 luerat,
1488 1420 1558 1511 vel
1600 1417 1678 1508 hu·

333 1596 440 1662 nore
469 1573 608 1659 caruit
627 1553 897 1684 sepulturae,
926 1565 1098 1686 ejusque
1131 1566 1282 1656 mortis
1313 1564 1495 1656 dedecus
1527 1565 1584 1670 in,
1603 1593 1680 1682 pu·

332 1707 461 1802 steros
499 1711 792 1804 redundavit.
841 1709 1008 1800 Eodem
1062 1705 1198 1796 modo
1251 1704 1472 1823 sumptum
1521 1702 1679 1823 suppli·

332 1857 454 1944 cium
495 1847 554 1940 est
595 1851 649 1938 de
689 1853 785 1940 aliis
825 1851 1000 1956 Pasliis‘,
1031 1849 1106 1936 alii
1146 1853 1193 1938 in
1224 1849 1399 1938 vincula
1438 1848 1681 1938 Volaterris

331 1991 546 2100 contrusi,
563 1985 758 2106 unusque
787 1985 1061 2098 Guilelmus,
1081 1994 1338 2108 impetrante
1361 2017 1522 2097 uxore,
1552 2015 1682 2106 quam

324 2133 521 2226 'sororem
552 2132 787 2224 Laurentio
818 2127 942 2220 fuisse
980 2131 1202 2238 diximus,
1229 2134 1292 2220 -in
1333 2133 1483 2220 villam
1525 2129 1684 2246 relega·

318 2301 424 2370 rur.
444 2273 666 2364 Laurentii
696 2267 976 2388 percussores,
1008 2274 1082 2388 qui
1111 2272 1259 2362 triduo
1285 2272 1547 2364 delituerant
1568 2267 1684 2388 apud

320 2414 628 2508 Benedislinus
669 2409 943 2520 Monachus,
986 2417 1110 2504 omni
1165 2417 1390 2536 diligentia
1432 2413 1684 2532 perquirun-

329 2581 427 2668 tur,
464 2553 637 2648 inventi
676 2551 870 2672 praecisis
906 2553 961 2642 ud
995 2558 1307 2648 contumeliam
1336 2559 1510 2650 auribus
1539 2562 1580 2644 &
1610 2583 1684 2646 na·

320 2694 407 2810 so,
442 2706 484 2790 δι
525 2696 728 2788 omnibus
763 2697 928 2816 probris
969 2698 1287 2816 maledictisque
1327 2700 1470 2790 vexati
1517 2696 1685 2814 (quem

319 2845 449 2938 ¹enim
471 2869 562 2932 non
576 2835 885 2930 'commovisset
907 2841 1101 2930 criminis
1121 2843 1329 2930 memoria
1341 2843 1378 2956 ?)
1408 2839 1681 2959 jugulantur.

327 2979 422 3072 Vix
452 3007 558 3072 vero
591 2982 776 3102 populus
801 2983 1010 3102 religione
1037 2981 1211 3074 retineri
1241 2983 1414 3098 putuit,
1437 2984 1544 3100 quin
1573 2978 1686 3098 ipsos

318 3122 379 3212 in
402 3121 646 3214 Monachus
678 3121 873 3232 saeviret,
892 3123 1011 3239 quud
1041 3123 1263 3240 parricidis
1291 3120 1458 3240 asylum
1488 3119 1686 3238 praebue-

315 3263 449 3353 rint.
482 3259 776 3354 Montesrccus
816 3265 863 3351 in
906 3260 992 3380 ipsa
1037 3260 1138 3382 sugo
1182 3259 1544 3383 comprehensus,
1574 3253 1685 3379 post·

332 3431 463 3521 quam
494 3407 641 3494 omnia
670 3407 739 3498 uti
769 3401 879 3522 gesta
910 3429 1056 3514 erunt,
1086 3411 1127 3494 δι
1172 3435 1263 3495 nun
1299 3401 1436 3496 solum
1475 3392 1724 3509 consilia,·.

331 3541 404 3634 sed
447 3548 578 3636 etiam
618 3544 728 3634 diua
783 3543 1048 3654 Pontificis,
1093 3551 1134 3634 δι
1182 3544 1375 3637 Comitis
1416 3543 1685 3666 Hieronymi

320 3685 386 3778 de
416 3711 509 3776 tora
539 3673 840 3798 conjuratione
871 3685 1118 3805 aperuisset,
1161 3685 1265 3780 telle
1305 3687 1604 3808 suspenditur.
1634 3683 1686 3774 ld

312 3823 568 3942 .graviffime
598 3827 705 3918 tulit
737 3827 1037 3948 Hieronymus
1069 3831 1263 3940 Comes,
1295 3843 1334 3923 ἃ
1376 3833 1451 3951 qui
1495 3834 1579 3948 jum
1609 3859 1687 3920 an-

332 3961 387 4058 te'
417 3971 600 4058 inimico
642 3970 689 4056 in
733 3970 1018 4063 Laurentium
1058 3975 1208 4062 animo
1250 3957 1371 4082 suit,
1415 3977 1558 4064 multo
1590 4001 1685 4089 gra·

316 4107 427 4196 yios
461 4107 547 4198 hoc
579 4109 729 4198 dolore
759 4107 936 4208 exatfit.
954 4113 1121 4226 Poena,
1139 4145 1269 4233 quam
1289 4114 1404 4234 sequi
1426 4113 1679 4231 oportebat,

316 4243 595 4338 ‚Bandiniurn
636 4251 713 4342 diu
755 4281 919 4345 morata
972 4255 1030 4344 est
1047 4293 1080 4358 ;·
1115 4287 1216 4362 narn
1257 4286 1358 4345 cum
1400 4255 1466 4344 illi
1497 4251 1684 4372 sugienti

326 4385 506 4498 ⁸sursunt
546 4389 710 4496 favisset
736 4463 749 4510 ,
776 4395 1045 4516 Byzantium
1074 4392 1207 4516 usque
1237 4397 1447 4518 pervenit.
1480 4385 1580 4544 Sed
1602 4399 1681 4518 qui
