4472 5858
458 545 474 606 7
568 491 1036 586 Mnarrrtrrr
1096 493 1345 588 Vrrn=
1494 517 1578 598 ης

293 733 446 804 annus
475 735 776 802 Mcccmxxxrv.
809 711 868 806 ob
899 711 1012 802 hanc
1050 715 1180 806 unice
1218 706 1402 804 caussam
1436 705 1646 830 glorioiur

309 849 541 944 Laurentio
565 850 676 962 fluit,
703 855 820 973 quod
849 857 1088 948 multorum
1110 855 1310 972 periculis
1332 850 1419 970 ipse
1447 849 1647 942 subvene—

308 996 390 1102 rit,
420 1001 621 1114 metuque
642 993 978 1118 graviffmorurn
1003 997 1215 1090 beliorum
1244 995 1409 1088 italiam
1445 996 1648 1086 liberave-

309 1139 393 1243 rit,
410 1139 625 1256 quodque
653 1138 725 1232 sua
758 1139 1048 1260 pacificatoria
1076 1137 1251 1232 consilia
1291 1140 1360 1231 vel
1387 1135 1645 1232 iracundum

310 1279 482 1380 Siarum
513 1277 630 1400 sequi
664 1285 878 1402 coegerit.
894 1279 1112 1377 'Tradunt
1146 1283 1277 1374 multi
1315 1282 1454 1373 hunc'
1475 1279 1653 1398 indigne

310 1417 418 1516 adeo
456 1419 595 1534 tuliffe
637 1423 847 1518 redditam
896 1428 1037 1520 Italiae
1066 1455 1256 1547 pacem,
1301 1452 1352 1519 ut
1386 1455 1440 1517 ex
1485 1419 1652 1516 tristitia
1705 1471 1708 1483 ·

295 1593 497 1660 ,mortem
530 1567 708 1662 obierit.
733 1567 781 1660 ld
804 1566 965 1660 accidit
990 1568 1053 1660 id.
1083 1569 1283 1679 Sextilis,
1313 1565 1534 1689 postquam
1563 1589 1646 1658 tre·

309 1711 457 1802 decim
495 1737 630 1804 annos
666 1719 708 1804 δι
741 1711 930 1835 quinque
970 1712 1060 1804 dies
1100 1711 1332 1834 regnaiier.
1370 1707 1509 1824 Qrod
1562 1701 1650 1825 ipsc

317 1856 366 1946 in
391 1849 588 1944 maximis
612 1851 851 1945 turbinibus
880 1885 930 1946 ac
956 1851 1180 1964 fluctibus,
1209 1856 1266 1946 ob
1292 1849 1536 1946 effrenatam
1564 1877 1651 1937 ma·

311 1999 429 2087 xime
446 1993 731 2113 cupiditatem
763 1998 979 2114 augendae
1006 1993 1194 2086 familiae
1222 1981 1386 2086 divitiis
1410 1973 1535 2110 arque
1563 1987 1650 2082 forss·

311 2139 452 2247 runis,
474 2133 737 2228 Christianae
766 2135 1045 2254 Reipublicae
1075 2165 1229 2230 navem
1264 2129 1555 2256 gubernaiiet,
1591 2128 1652 2220 faa

311 2279 430 2368 frum
465 2273 524 2367 est
560 2275 708 2384 diuina
741 2277 1035 2396 providentia,
1071 2302 1124 2373 ur
1165 2281 1207 2370 ei
1238 2271 1448 2368 succeffor
1479 2275 1652 2364 daretur

313 2421 380 2512 vir
413 2416 718 2511 moderatore
753 2423 853 2513 miti
892 2422 1094 2542 ingenio,
1129 2421 1210 2514 cui
1250 2420 1359 2511 nihii
1391 2441 1482 2511 ram
1528 2411 1652 2506 cordi

312 2588 425 2672 crat,
456 2590 583 2682 quam
610 2557 776 2652 summa
812 2591 917 2682 pax,
947 2560 1120 2662 summa,
1146 2563 1455 2684 tranquillitas,
1491 2559 1651 2678 quique

311 2699 367 2794 a'd
409 2701 731 2798 conciliandum
779 2701 856 2794 srbi
896 2709 1099 2796 omnium
1150 2733 1342 2798 amorem
1382 2711 1423 2794 δέ
1467 2691 1655 2792 studium

313 2869 438 2936 natus
469 2845 692 2936 videbatur
720 2844 758 2957 (r
774 2845 875 2958 30)·
912 2847 949 2933 Is
987 2844 1072 2935 fuit
1105 2847 1385 2936 Innocentius
1422 2841 1537 2932 Vili.
1577 2861 1648 2958 paf-

328 2985 407 3074 tria
429 2979 696 3097 Genuenfir,
718 2979 911 3078 Graecus
938 2988 1127 3104 origine,
1161 2984 1283 3099 cujus
1312 3007 1429 3104 paret
1465 2985 1658 3076 Arunrer

314 3125 432 3218 Cibo
465 3123 677 3238 majorum
714 3125 938 3218 nobilitate
971 3133 1108 3228 &rei
1155 3129 1354 3218 militaris
1395 3125 1532 3246 gloria
1564 3123 1650 3212 cla·

314 3293 416 3376 rus,
443 3293 606 3385 magno
634 3269 682 3358 in
717 3265 881 3360 bonore
911 3265 1051 3358 suerat
1070 3269 1195 3387 ‘apud
1224 3263 1461 3360 Alfonsum
1491 3268 1656 3383 Arago-

314 3408 439 3498 nium
489 3405 881 3528 Neapolitanorum
922 3413 1124 3530 Regem-;
1158 3437 1211 3502 ex
1246 3437 1335 3528 quo
1377 3407 1537 3500 fadum
1561 3404 1658 3515 cst,

309 3573 366 3640 ut
396 3546 482 3667 ipse
495 3644 496 3647 w
510 3533 751 3641 admodum
775 3547 1020 3644 adolescent
1053 3545 1364 3668 Amaiphitensr
1392 3547 1654 3661 sacerdotio,

284 3784 286 3794 ,
314 3717 340 3779 a
367 3719 456 3806 quo
497 3696 539 3780 dr
575 3719 735 3782 nomen
764 3695 925 3800 traxit,
964 3717 1213 3812 augeretur.
1246 3693 1392 3805 Cum,
1415 3693 1659 3786 renuntiato

314 3821 527 3930 Pontifice
569 3835 768 3928 Maximo
795 3839 1074 3950 Innocentio,
1102 3869 1208 3960 pax,
1240 3869 1293 3934 ut
1331 3843 1547 3949 diximtu,
1589 3841 1658 3930 be·

315 4009 369 4069 nc
400 3971 629 4070 constitura
658 3979 900 4087 videretur,
932 3977 1019 4099 ipse
1046 4009 1099 4073 err
1129 3981 1210 4074 hac
1239 3982 1404 4074 fructus
1437 3984 1652 4072 uberiores

315 4127 357 4212 dt
398 4115 714 4237 praestantiores
745 4117 788 4219 sc
816 4119 1028 4241 percipere
1072 4121 1186 4242 posse
1225 4123 1417 4240 putavit,
1459 4119 1491 4208 sr
1533 4121 1656 4212 bene·-

291 4261 555 4351 -voientiam
587 4259 805 4354 Laurentii
841 4263 916 4352 fibi
956 4260 1241 4368 conciliaiiet,
1278 4269 1320 4350 dr
1357 4261 1656 4356 crebritate&

294 4399 615 4518 magnitudine
631 4399 953 4494 beneficiorum
981 4399 1156 4518 injurias
1200 4401 1342 4530 eidem
1371 4433 1396 4502 a
1425 4402 1654 4500 Deccfforr
