4474 5858
635 477 717 576 ιρι»
837 447 1747 556 LaunnurrrMnnrcrs

558 689 679 776 aret,
712 695 790 772 nec
820 669 1030 772 recusavit
1058 700 1207 764 eorum
1236 673 1432 792 precibus
1462 670 1725 781 satisfacere,
1755 701 1905 792 quam·

567 812 632 908 vis
661 811 714 912 de
745 813 936 940 augenda
980 817 1187 934 dignitate
1231 795 1406 931 Joannie
1446 812 1527 916 filii
1568 818 1755 908 maxima
1800 847 1906 906 euna

562 977 658 1056 ¹tum
695 985 800 1050 cura
831 961 1081 1075 attingeret.
1114 957 1424 1058 Britanniae&
1470 957 1701 1078 Hispaniae
1733 959 1900 1088 Reges,

562 1093 637 1208 qui
667 1097 832 1202 Romae
864 1097 1095 1220 graviffima
1127 1105 1297 1221 negotia
1333 1101 1575 1210 habebant,
1598 1101 1700 1202 haec
1732 1099 1822 1210 ,ejus
1849 1099 1902 1198 fi·

557 1235 628 1336 dei
663 1241 1070 1362 commendantt&
1111 1245 1178 1334 vel
1221 1242 1307 1363 ipsc
1356 1243 1680 1346 Maximilianus
1714 1240 1901 1352 Caesar,

559 1375 725 1496 scriptis
755 1383 808 1482 ad
839 1415 940 1477 eum
970 1385 1122 1483 litteris
1165 1383 1306 1490 mense
1335 1387 1449 1492 Sext,
1492 1418 1560 1480 an.
1593 1413 1899 1478 mccccuxxxrx.

559 1515 656 1624 ‚suos
686 1521 892 1644 Legatos,
924 1557 1031 1645 quos
1064 1531 1253 1636 Romam
1283 1531 1512 1640 mittebat,
1543 1529 1631 1642 ejus
1656 1528 1900 1628 austoritati

560 1668 886 1778 commendatos
913 1671 1093 1780 noluit,
1134 1671 1243 1780 illud
1284 1672 1467 1782 addens,
1494 1672 1547 1792 se
1586 1705 1664 1774 raon
1705 1675 1898 1792 ignorare

564 1811 713 1924 quereri
738 1807 835 1926 usus
866 1805 923 1932 (γ’
952 1813 1137 1920 tonamodr'
1167 1818 1309 1908 maltis
1328 1817 1417 1938 affin
1448 1819 1539 1926 eius
1568 1813 1903 1936 operationum*

555 1979 603 2058 ‚re
629 1951 1151 2070 Italicuadministranda,
1171 1959 1354 2068 Joannes
1374 1962 1422 2067 11,
1446 1943 1746 2064 Luiitanornm
1779 1956 1905 2064 Rex,

560 2093 620 2204 ob
649 2094 1118 2220 multas&s1ngularcs
1150 2105 1332 2194 virtutes
1363 2127 1657 2220 cognomento
1689 2099 1902 2220 Magnus,

562 2239 845 2352 plurimarum
874 2267 1016 2348 return
1053 2245 1370 2352 commercium
1408 2277 1512 2349 cum
1554 2245 1788 2348 Laurentio
1828 2239 1903 2330 ha-

564 2375 715 2488 bebat,
744 2379 832 2494 ejus
862 2411 988 2500 opera
1018 2382 1284 2494 libentissime
1315 2386 1542 2496 utebatur,
1561 2395 1600 2476 δι
1638 2390 1683 2488 in
1710 2387 1794 2484 hoc
1826 2379 1903 2470 fibi
1998 2445 2001 2450 ·

563 2515 838 2630 vehementer
857 2523 1056 2644 gratulari
1087 2526 1337 2637 videbatur,
1363 2529 1503 2646 quod,
1535 2531 1687 2621 eodem
1723 2527 1900 2616 hortan-

563 2683 631 2770 te,
660 2687 723 2750 res
764 2659 892 2780 gestas
933 2661 1025 2773 suas
1064 2661 1258 2774 historiae
1306 2679 1604 2776 monumentis
1646 2665 1905 2772 mandandas

560 2790 797 2912 Politianus
826 2801 1088 2925 susceperat,
1123 2809 1225 2898 Fuit
1263 2812 1390 2934 etiam
1435 2813 1606 2941 adjutor
1651 2807 1906 2913 Laurentina

560 2947 711 3056 multis
729 2948 775 3056 in
799 2951 1075 3062 petitionibus
1093 2949 1303 3060 Bonifatii
1324 2953 1489 3058 Montis
1507 2951 1665 3056 Ferrati
1685 2945 1907 3036 Marchio·

560 3091 652 3200 nis:
683 3076 891 3210 texit'sna
920 3093 1247 3207 benevolentia,
1272 3093 1477 3214 praefidio
1524 3089 1795 3210 custodiaque
1835 3087 1910 3192 sa-j

559 3230 698 3340 lutem
726 3263 776 3344 ac
805 3233 1062 3359 dignitatem
1094 3237 1402 3348 Macedoniae,
1428 3261 1478 3344 ut
1508 3235 1745 3342 vocabant,
1780 3233 1908 3323 Prim

562 3369 739 3491 fipiffize,
757 3407 885 3494 quam
916 3380 1028 3498 apud
1058 3377 1099 3490 se
1128 3377 1275 3489 aestate
1301 3410 1365 3488 an.
1395 3405 1694 3480 mccccuxxxrx,
1716 3371 1907 3494 hospitio

560 3545 666 3630 cum
695 3514 938 3648 excepisset,
950 3521 1009 3636 ita
1028 3518 1251 3632 Pontificis
1268 3522 1406 3626 amori
1424 3518 1606 3638 fideique
1630 3514 1909 3618 commenda·

561 3663 654 3768 vit,
678 3662 853 3780 perinde
882 3691 933 3754 ac
965 3659 1157 3771 sasocius
1187 3661 1273 3776 ejus
1304 3664 1598 3768 calamitatum
1630 3655 1795 3762 fuiss'et.
1817 3653 1910 3748 Ver

569 3794 703 3914 ipsam
735 3801 871 3890 Riarii
902 3799 1092 3914 Comitis
1124 3802 1357 3932 conjugem
1388 3803 1668 3912 =Catharinam
1698 3795 1909 3890 Sfortiam

566 3935 687 4052 nulla
728 3937 909 4054 deseruit
939 3945 984 4032 in
1015 3973 1084 4055 re,
1117 3969 1166 4046 ut
1208 3977 1259 4036 ex
1303 3951 1538 4058 memoria,
1581 3969 1684 4062 quas
1726 3936 1803 4034 fibi
1843 3940 1913 4030 vir

570 4081 662 4200 ejus
704 4076 821 4200 saepe
863 4081 1045 4196 fecerat,
1082 4083 1248 4196 infidias
1278 4091 1400 4208 plane
1440 4080 1672 4209 deposuiffe
1703 4081 1912 4206 judicate-

566 4248 664 4333 tur.
696 4224 775 4332 Seu
807 4225 1048 4340 verebatur,
1085 4259 1170 4348 ue,
1200 4233 1299 4343 quia
1332 4237 1377 4318 in
1420 4228 1461 4339 se
1502 4229 1743 4333 multotum
1777 4251 1910 4342 nego·

570 4365 630 4478 tia
647 4361 929 4484 suscipiebat,
960 4399 1187 4492 exaequare
1216 4369 1434 4479 videretur
1464 4367 1700 4462 ambitione
1728 4362 1911 4484 quadam
