4472 5858
460 511 1363 610 attrectandam
1501 545 1581 628 ¹39

305 734 443 842 νοτίῃ·
470 732 643 850 quando
674 733 720 822 in
750 758 820 824 tot
848 733 959 826 mala
990 727 1150 828 necesse
1176 743 1276 826 erat‘
1293 731 1528 822 incurrere.
1558 731 1644 820 Sed

304 880 347 993 ei
380 901 469 967 erat
497 872 742 994 persuasum
776 879 821 972 iu
852 905 969 972 tauta
1004 889 1175 970 morum
1210 872 1478 992 corruptela,
1509 897 1642 961 tanta·

301 1045 387 1137 que
417 1019 605 1111 inuidiae
634 1015 809 1110 flamma
840 1015 1130 1136 empliffimas,
1154 1047 1257 1136 quaa
1283 1041 1307 1110 a
1329 1015 1557 1132 majoribus
1574 1041 1643 1102 ac·

304 1187 496 1279 ceperat,
521 1157 714 1254 fortunas
750 1159 864 1256 haud
895 1157 1135 1256 conservari
1162 1193 1187 1252 a
1217 1159 1259 1256 se
1286 1157 1422 1280 posse,
1452 1152 1529 1248 nist
1559 1157 1644 1277 pri·

303 1331 395 1394 mas
423 1305 469 1394 in
489 1303 724 1422 Republica
745 1301 1101 1419 tenuisset(r40);
1123 1293 1566 1426 praeterquamquod
1599 1324 1642 1384 a·
1807 1423 1809 1428 Ι
1843 1357 1857 1384 .

302 1475 401 1538 mor
417 1449 586 1564 patriae,
605 1445 774 1568 ejusque
791 1451 1057 1566 providentia
1075 1445 1283 1570 postulare
1300 1447 1353 1538 ab
1370 1477 1424 1578 eq
1441 1443 1641 1538 videban-

303 1613 402 1697 tur,
434 1613 485 1680 ut
511 1587 660 1684 saltem
690 1591 848 1688 levaret
878 1593 1013 1700 mala,
1035 1623 1143 1710 quae
1179 1588 1324 1704 sanari,
1341 1587 1524 1680 omnino
1553 1611 1643 1672 non

304 1755 529 1852 poteraut3
559 1759 812 1852 quapropter
843 1742 885 1828 δι
926 1735 1120 1858 publicae
1163 1743 1204 1826 &
1246 1739 1433 1854 privatae
1463 1727 1643 1824 familia·

303 1897 404 1964 rum
427 1876 970 1992 tranquillitati,quantum
989 1875 1082 1970 fieri
1106 1879 1275 1998 potuit,
1302 1873 1462 1992 semper
1489 1865 1601 1964 cons
1624 1913 1643 1936 ··

305 2015 418 2108 luit.
451 2013 591 2132 Cujus
631 2017 690 2108 rei
719 2015 1003 2112 domesticum
1034 2023 1164 2113 etiam
1193 2017 1442 2136 exemplum
1467 2007 1642 2136 'possum

302 2155 520 2278 proferre.
554 2157 792 2252 Acerrimis
821 2160 932 2252 odiis
972 2159 1219 2258 dissuebam
1254 2164 1364 2256 inter
1394 2155 1449 2254 sc·
1466 2153 1644 2273 majores

302 2302 408 2409 mei,
437 2299 700 2394 Marcscottii
728 2307 769 2392 δι
797 2303 1042 2410 Ubaldinii,
1066 2331 1172 2424 quae
1195 2297 1501 2425 potentissimae
1523 2321 1644 2390 eraut

300 2435 493 2534 familiae
524 2446 570 2534 in
606 2445 795 2538 Aemilia
813 2475 880 2554 ‚a
915 2445 1068 2564 quibus
1096 2451 1138 2534 &
1165 2439 1405 2568 pracsertim
1437 2441 1644 2534 aFabro·

308 2585 393 2676 uiis
423 2580 539 2706 saepe
563 2587 755 2680 Medicei
774 2585 1011 2682 habuerunt
1028 2615 1290 2682 armatorum
1308 2587 1466 2680 auxilia
1489 2583 1641 2698 (¹40⁴

306 2725 408 2820 Hos
430 2721 557 2816 semel
587 2731 825 2848 iterumque
852 2731 907 2820 ad
935 2726 976 2818 se
995 2733 1258 2823 convocavit
1285 2727 1541 2822 Lamentius
1570 2746 1645 2812 aut

304 2867 584 2988 pacificator,
624 2896 698 2960 aut
735 2897 815 2994 pro
855 2872 1075 2965 Fabroniis
1106 2865 1279 2991 sponsor
1319 2862 1643 2983 (14'2)‚quod

302 3009 656 3103 commemorasse
684 3009 713 3102 st
740 3012 832 3104 leve
861 3011 1116 3132 quibusdam
1146 3011 1383 3122 videbitur,
1415 3011 1500 3104 hoc
1519 3015 1642 3129 igno·

301 3143 445 3242 statur
474 3151 578 3241 volo
607 3149 936 3248 domesticarum
967 3155 1175 3263 laudum,
1204 3171 1295 3272 quo
1334 3179 1484 3248 omnes
1526 3177 1642 3247 tene·

306 3321 430 3404 mur,
462 3289 624 3386 studio.
657 3293 820 3386 Possem
850 3301 892 3389 &
921 3297 1007 3386 alia‘
1032 3293 1278 3404 huiusmodi
1311 3297 1445 3388 multa
1481 3323 1534 3388 ex
1556 3295 1640 3414 pti·

300 3437 414 3527 ratis
446 3433 706 3528 familiarum
737 3435 921 3530 historiis
949 3435 1115 3559 sumpta
1142 3441 1229 3534 hoc
1258 3441 1360 3532 ioco
1390 3433 1558 3544 afferre,
1589 3461 1643 3526 ex

303 3581 459 3694 quibus
480 3605 696 3716 ¹quantum
727 3585 842 3696 pacis
871 3607 1021 3674 amant
1048 3579 1147 3674 esser
1169 3583 1421 3676 Laurentius
1443 3601 1640 3699 apparet;
1788 3565 1801 3580 ’

302 3699 376 3808 sed
410 3719 567 3814 modus
595 3721 859 3814 adhibendus
887 3719 970 3832 est,
998 3721 1240 3842 praesertim
1271 3755 1375 3816 cum
1408 3743 1502 3816 tura
1533 3722 1641 3838 ejus·

303 3861 405 3954 dem
426 3863 524 3954 'vita
553 3863 599 3953 in
629 3863 683 3954 iis
709 3863 906 3980 parandis
933 3863 1212 3984 tuendisque,
1239 3897 1347 3984 quae
1371 3867 1428 3958 ad
1454 3891 1636 3958 concor·-

300 4003 420 4094 diam
449 4003 570 4096 domi
603 3999 788 4122 forisque
816 4003 1195 4120 constituendam,
1215 4007 1409 4132 pacisque
1442 4033 1642 4102 acresca-

296 4145 447 4238 ie'ndas
474 4145 687 4254 valerent,
725 4169 936 4264 occupata
963 4147 1100 4244 mirre
1138 4153 1363 4246 videntur.
1400 4153 1548 4270 Atque
1586 4173 1640 4240 ex
1741 4147 1745 4158 '

297 4283 367 4376 hia
406 4286 565 4381 artibus
594 4313 768 4408 propter
797 4293 1030 4384 commoda
1064 4317 1191 4410 arque
1232 4313 1513 4402 ornamenta,
1532 4313 1641 4413 quae

298 4420 507 4538 affertur,
537 4427 655 4548 quod
688 4429 814 4541 iliae,
841 4459 951 4550 quae
980 4431 1035 4522 ad
1066 4432 1298 4551 graphicen
1324 4437 1561 4554 pertinent,
1589 4435 1641 4526 li·

1072 4569 1102 4664 S
1136 4603 1159 4662 2
