4492 5860
641 487 1115 588 Maebturor
1174 469 1390 597 Vrra
1506 524 1612 610 ,49

329 707 464 804 fister‘e
494 711 716 832 potuerit.
760 709 882 804 Cum
924 743 950 806 a
991 713 1170 808 domitis
1212 741 1337 833 atque
1376 709 1527 808 deletis
1569 739 1676 831 pene

326 853 487 948 Pisanis
528 855 639 950 nihil
667 859 850 979 amplius
872 857 972 952 esset'
996 857 1265 967 timendum,
1296 857 1543 952 Florentino
1572 854 1675 948 Res·
1718 915 1723 928 ·

325 1000 529 1124 publica,
569 1001 741 1094 audiere
776 1003 963 1094 maximo
1014 1004 1279 1112 Laurentio,
1321 1002 1377 1092 de
1409 997 1673 1092 instauranda

325 1144 652 1266 renovandaque
692 1147 933 1240 Academia
980 1143 1200 1238 consuluit
1231 1147 1352 1264 (40)·
1387 1145 1491 1238 Lata
1532 1147 1673 1262 itaque

324 1315 412 1381 xrv.
428 1286 530 1392 Kal.
551 1287 739 1400 Jaauarii
755 1319 822 1382 ara
841 1317 1097 1386 uooocuxxu.
1116 1291 1183 1380 lex
1206 1287 1315 1398 firit,
1334 1319 1418 1408 qua
1433 1285 1670 1394 sancitum,

323 1457 376 1524 ut
406 1433 559 1526 decora
583 1441 625 1528 δι
653 1435 886 1528 commoda
916 1437 1176 1544 Academiae
1193 1433 1308 1526 sedes
1324 1431 1425 1526 Pifia
1443 1423 1670 1526 constitue·

259 1601 260 1604 ‘
327 1601 473 1687 retur,
502 1585 545 1668 a<
575 1583 807 1697 quotannis
838 1582 880 1673 ei
894 1657 897 1664 .
910 1611 963 1673 ex
995 1579 1171 1700 publico
1202 1581 1363 1672 aerario
1386 1575 1454 1668 sex
1485 1573 1668 1668 floreno·

321 1750 422 1812 rum
459 1722 596 1812 millia
630 1723 918 1842 penderentur
951 1725 1006 1815 ad
1043 1721 1245 1818 solvenda
1285 1717 1488 1841 stipendia
1533 1721 1667 1836 magi-

321 1861 437 1972 stris,
479 1866 553 1981 qui
595 1865 840 1957 nobiliffimi
871 1863 1172 1984 undecumque
1201 1867 1332 1956 acciti
1373 1867 1500 1956 &in
1542 1865 1666 1982 quina

287 2010 562 2126 'quennium
590 2006 782 2098 conduci
810 2007 1040 2100 debebant.
1074 2009 1147 2098 Ad
1188 2009 1292 2100 haec
1333 2005 1583 2126 provisum,
1614 2031 1666 2094 ur

320 2147 497 2269 fingulio
539 2152 684 2242 annis:
700 2145 896 2238 universa
937 2151 1199 2260 Academiae
1241 2181 1342 2244 cura
1383 2181 1432 2243 ac
1476 2153 1665 2268 regimen

318 2295 530 2409 quinque
554 2291 835 2386 Florentinis·
856 2294 1024 2385 civibus
1065 2295 1268 2411 ingenio,
1311 2293 1539 2412 prudentia
1578 2288 1664 2410 spe·

316 2434 546 2527 tiatiffimis
577 2439 944 2543 committeretur,
980 2465 1166 2554 quorum
1191 2462 1372 2556 quatuor
1407 2457 1457 2528 ex
1493 2433 1664 2553 fingulis

315 2582 585 2700 regionibus,
616 2581 663 2670 in
686 2609 802 2696 ‘qaas
837 2577 1100 2674 Florentino.
1119 2584 1285 2679 civitas·
1313 2577 1449 2673 divisa
1491 2605 1580 2672 erat
1610 2607 1663 2672 ex

313 2724 452 2841 prima
482 2722 651 2814 civium
678 2721 801 2818 claffo
830 2725 1086 2843 eligerentur
1102 2790 1115 2834 ,
1134 2719 1282 2842 hisque
1298 2724 1521 2816 adderetur
1538 2722 1662 2840 quin·

312 2889 383 2958 tus
413 2897 465 2958 ex
494 2865 695 2959 universo
737 2870 969 2960 minorum·
989 2871 1154 2962 civium
1197 2869 1372 2976 ordine,
1402 2873 1477 2986 qui
1492 2951 1494 2958 ,
1510 2893 1661 2960 omnes

312 3002 514 3126 officiales
537 3007 682 3100 'Stadii
692 2991 994 3104 'vocarentur.
1022 3013 1125 3104 Hie.-
1145 3009 1322 3131 potestas
1353 3011 1451 3100 data
1482 3041 1570 3100 non
1595 3003 1660 3096 so·

311 3149 406 3241 lum
429 3153 617 3243 minores
639 3153 933 3264 administros,
956 3153 1190 3246 sedetiam
1213 3151 1477 3244 Praefedum
1500 3151 1657 3265 eligen-

310 3291 380 3400 di,
413 3295 487 3410 qui
517 3297 724 3412 pecuniae
751 3297 1009 3418 erogandae,
1027 3325 1256 3414 rerumque
1274 3291 1553 3415 gerendarum
1578 3317 1653 3378 cu-

309 3457 401 3526 ram
433 3433 684 3555 susciperet.
708 3441 876 3534 Eodem
907 3469 1103 3560 ternpore
1132 3435 1378 3533 consultum
1403 3434 1460 3526 est
1485 3435 1675 3526 Floren-⁴

307 3582 445 3686 tinio,
458 3605 509 3670 ut
538 3582 592 3669 iis
605 3611 608 3618 ’
621 3577 753 3672 edent
780 3589 1109 3702 grammaticae,
1135 3583 1344 3678 oratoriae
1367 3607 1494 3699 atque
1523 3571 1657 3696 poefis
1764 3561 1768 3568 ⁴

306 3743 628 3840 praeceptorea',
659 3751 758 3840 quo·
784 3729 1012 3844 paratiores
1052 3728 1107 3818 ad
1149 3728 1433 3824 Academiam
1463 3720 1657 3812 Pisanam

306 3853 584 3956 accederent.
623 3863 819 3959 Cautum
854 3874 972 3962 eninr
1011 3873 1105 3990 lege
1136 3867 1248 3980 suit,
1277 3895 1327 3962 ut
1369 3891 1521 3960 omnes
1535 3909 1554 3971 ,·
1579 3863 1654 3978 qui

165 4126 167 4130 Ι
262 4007 264 4014 ’
306 3991 585 4122 Reipublicae
618 4007 890 4103 Florentinae
916 4017 1097 4132 imperio
1125 4040 1342 4134 parerent,
1372 4009 1403 4100 fi
1439 4007 1654 4099 doetrinae

305 4142 538 4266 insignibus
567 4149 761 4245 decorari
791 4152 977 4264 vellent,
1010 4163 1051 4246 δι
1087 4151 1240 4246 caudas
1275 4157 1321 4244 in
1363 4149 1460 4242 foro
1480 4229 1483 4236 ⁴
1500 4171 1653 4264 agere,

304 4285 477 4390 Pisanos
503 4287 1044 4414 praeceptor-ea‘audirent,
1073 4325 1209 4415 poena
1239 4327 1296 4386 n..
1312 4291 1575 4384 florenorum
1603 4287 1651 4376 in

305 4452 379 4522 eus
409 4427 672 4544 constituta,
695 4439 770 4557 qui
801 4463 965 4528 exteras
1000 4437 1259 4532 Academias
1291 4428 1647 4556 frequentadent.

1126 4579 1173 4674 G
1250 4717 1252 4722 .
