4492 5860
518 497 1416 622 222Mre“nssrrrer·*v·1‘en‘'
1548 561 1595 640 3¹

310 741 424 842 tibur
450 741 534 842 suis
568 743 805 842 Bowdus
832 743 1056 870 exposuit,
1088 751 1130 838 dt
1159 739 1214 836 ad
1243 772 1315 838 eos
1343 743 1461 839 brevi
1487 741 1528 838 se
1555 779 1660 840 ren-

313 917 462 986 tunam
486 886 739 1012 pollicetur.
764 891 886 984 Dum
919 891 1031 982 ratio
1058 889 1310 1010 perficiendi
1340 887 1506 982 confilii
1536 892 1665 1008 quae*

310 1040 450 1147 titur,
479 1035 598 1156 quod
626 1033 838 1155 oppidum
869 1061 1001 1128 omne
1029 1033 1395 1144 adfldeseilionem
1419 1033 1666 1160 'faciendam

310 1176 397 1274 fine
419 1192 562 1274 'meru
614 1181 778 1274 adduci
828 1177 943 1300 posse
988 1207 1080 1272 non
1119 1175 1434 1288 confidebant,
1475 1177 1668 1268 obtinuit

313 1321 552 1418 Bernartius
578 1353 605 1416 a
635 1321 897 1435 Palandriis‚
927 1325 1002 1444 qui
1032 1317 1191 1416 nuiosr
1228 1331 1270 1414 δι’
1310 1341 1505 1444 potenter
1547 1345 1666 1414 erant

309 1470 358 1560 in
391 1489 496 1588 agro
519 1462 782 1577 pistoriensi,
811 1491 989 1560 centum
1018 1471 1061 1557 &
1083 1469 1278 1590 ¹amplius
1308 1493 1492 1559 armatos
1522 1462 1664 1558 homi·

310 1637 419 1720 nes,
449 1637 557 1730 quos
585 1629 636 1704 ut
665 1617 714 1702 in
751 1612 961 1732 oppidum
1001 1613 1133 1704 nodio
1176 1614 1462 1704 intromittere
1504 1605 1668 1729 posset,

314 1753 503 1850 fallenda
528 1781 619 1850 trat
655 1755 946 1876 diligentia&
981 1755 1202 1876 vigilantia
1238 1757 1377 1863 illius,
1411 1755 1486 1872 qui
1529 1752 1668 1844 eidem

310 1897 474 2018 oppido
502 1923 713 2016 praeerat.
755 1897 877 1996 N'am
912 1898 985 1986 hic'
1026 1897 1220 2013 quotidie
1249 1879 1453 2014 vesperi,¹
1479 1891 1674 1986 occlusit.

310 2043 475 2158 porris,
506 2037 659 2128 harum
699 2043 841 2131 claves
881 2037 958 2130 fibi
997 2034 1134 2130 afferri
1174 2037 1374 2153 jubebat,
1410 2063 1494 2164 nec
1537 2035 1668 2127 'facile

310 2178 478 2272 easdem
507 2183 638 2271 nodio
677 2179 895 2298 aperiendi
927 2175 1108 2302 potestas
1134 2183 1488 2302 permittebatur.
1522 2179 1670 2268 simu-2

309 2323 401 2414 lans
441 2349 591 2414 tamen·
624 2323 947 2439 conjuratorum
988 2351 1104 2412 unus
1142 2319 1425 2415 necessitatem
1466 2321 1665 2430 itineris,

310 2465 551 2584 prodeundi
581 2495 634 2555 ex
663 2464 825 2583 oppido
853 2464 1002 2584 paullo
1029 2491 1131 2557 ante
1163 2467 1306 2556 lucem
1346 2469 1519 2557 renium
1548 2447 1669 2568 obri?

310 2612 437 2718 nuit,
473 2635 582 2728 quae
599 2605 734 2728 ‘patu
756 2595 806 2700 ¹&
837 2605 1071 2702 constituta
1100 2633 1189 2702 erat
1219 2609 1329 2701 nora
1356 2639 1461 2702 cum
1490 2606 1666 2697 Bernar-

309 2754 399 2863 dor
429 2781 486 2845 ut
510 2749 598 2872 ipse
637 2759 759 2841 cum¹
778 2755 955 2846 armatis
980 2749 1250 2864 adventaret,
1279 2755 1390 2845 dum
1412 2753 1573 2842 interea
1600 2775 1667 2835 ce-
1748 2845 1752 2850 ,

310 2900 390 2989 teri
432 2897 647 3013 conjurati
690 2897 817 2986 intus
864 2898 1070 3014 parabant
1110 2927 1193 3009 ea,
1238 2913 1349 3018 quae
1393 2887 1670 3011 occupandae

311 3040 408 3128 urbi
440 3037 694 3131 videbantur
721 3035 967 3129 necessaria.
1003 3037 1107 3130 Tau
1148 3037 1288 3130 modo
1320 3041 1475 3130 armati
1517 3039 1564 3124 in
1594 3053 1674 3120 ur·'

311 3181 411 3272 bem
434 3175 603 3296 ingredi
627 3176 897 3269 tumultuose
923 3182 1138 3296 omnibus¹
1157 3183 1265 3270 locis
1295 3203 1527 3298 vagantur,
1552 3174 1669 3263 mul·

311 3320 549 3413 titudinem
577 3317 633 3407 od
655 3333 784 3408 farma
812 3346 1088 3432 convocant„
1120 3323 1357 3444 nonnullos
1383 3320 1442 3412 ad
1474 3317 1672 3410 furorem*

313 3464 570 3584 inpellunt,
605 3489 659 3553 ut
695 3457 892 3551 facinore
916 3458 1127 3575 admisso,
1153 3465 1206 3558 ad
1247 3461 1470 3556 sanitatem
1511 3459 1666 3552 reverti

309 3605 486 3724 pudeat.
514 3606 657 3724 Aegre
683 3595 873 3696 mortem
897 3603 1055 3696 vitavit
1079 3607 1229 3726 oppidi
1246 3603 1522 3726 ,Praefeiium
1540 3627 1670 3720 quam

311 3773 426 3840 certe
455 3745 673 3856 subiisset,
695 3748 798 3853 nis,
829 3751 1029 3842 utilitatis
1059 3747 1194 3867 specie
1222 3747 1392 3861 oblata,
1414 3739 1677 3870 persuasisset·

201 4011 212 4026 ,
311 3889 528 3982 Bematdo
558 3887 672 4008 polle
701 3889 742 3982 se
776 3887 902 3986 facile
931 3894 986 3983 ad
1029 3889 1223 3984 sallionis
1254 3893 1487 3984 commoda
1522 3885 1672 3978 multi«

311 4033 508 4126 tudinem
538 4033 708 4124 allicere
734 4029 865 4150 atque
887 4039 1095 4146 excitare,
1128 4067 1239 4156 quae·
1263 4037 1350 4152 jam
1380 4037 1428 4126 in
1456 4037 1676 4130 rudiorem·

311 4174 402 4292 julli
433 4173 630 4296 supplicii
671 4177 935 4272 exardescere
970 4167 1193 4272 incendia
1219 4180 1471 4268 videbatur.
1502 4179 1540 4266 ls
1579 4197 1670 4266 erat

312 4315 465 4408 Caesar
501 4321 754 4412 Petrucciue
799 4327 945 4440 magni
984 4325 1122 4411 animi
1162 4330 1206 4414 dc
1247 4318 1415 4410 consilii
1445 4321 1545 4428 vir,
1593 4321 1668 4435 qui

317 4457 469 4577 pollea-
494 4465 541 4553 in
570 4463 762 4557 Pedium
791 4463 1092 4581 conjuratione
1130 4461 1358 4560 vexillifer
1389 4463 1674 4583 Reipublicae
