4492 5860
650 543 703 601 10
823 507 1318 604 braun-rnen
1376 509 1743 610 Muor'ore

575 725 759 848 ’poeseos‘
796 719 1055 816 restitutores
1096 757 1419 824 numeraretur.
1455 732 1622 852 Neque
1661 731 1757 827 sane
1798 727 1937 822 habeo

583 901 873 1004 quemquam,
909 866 938 956 st
971 871 1235 962 Politianum
1280 876 1526 991 excipiam,
1563 878 1730 994 inquo
1770 898 1934 966 tantam

581 1017 814 1107 uerborum
844 1013 1117 1133 elegantiam,
1148 1019 1387 1135 imaginum
1420 1018 1622 1137 copiam,
1653 1027 1694 1109 δι
1712 1013 1933 1108 sententia·

585 1191 684 1252 rum
714 1187 924 1266 acumen,
954 1161 1147 1276 quamvis
1177 1155 1445 1278 nonsemper
1463 1163 1628 1279 expleat
1652 1191 1773 1252 aures
1789 1184 1933 1266 meaa,

512 1415 515 1422 Ι
584 1303 794 1394 admirer.
831 1301 1033 1392 Felicior>
1053 1299 1163 1390 mihi
1193 1299 1336 1396 tuille
1378 1304 1556 1394 videtur
1584 1307 1631 1394 in
1675 1298 1936 1394 brevioribus

583 1446 990 1565 epigrammatibus,
1020 1475 1148 1564 quam
1190 1449 1237 1540 in
1277 1449 1396 1557 odis,
1435 1447 1652 1571 magisque
1687 1444 1801 1538 mibi
1822 1441 1935 1538 'arri-

585 1587 718 1697 dent,
750 1617 870 1703 quaa
885 1587 1105 1708 profanis,
1141 1607 1270 1708 quam
1299 1621 1407 1710 quae
1430 1589 1574 1684 'sacris
1607 1591 1740 1682 Mufis
1770 1589 1936 1710 (quan-

585 1761 715 1849 quam
738 1737 786 1820 ·&
816 1735 863 1822 in
895 1731 961 1829 his
990 1729 1089 1828 lunt
1124 1732 1580 1827 interdum'nonnulla
1608 1727 1844 1854 'magnifica
1871 1727 1937 1841 (u)

584 1905 635 1972 ac
658 1875 791 1994 plane
820 1872 1047 1992 sublimia)
1078 1877 1374 1971 consecravit:
1401 1875 1580 1970 Habent
1600 1887 1792 1968 acumen
1816 1876 1938 1990 inge·

585 2019 676 2124 nii,
702 2013 974 2109 festivitatem
993 2025 1037 2108 &
1061 2015 1204 2131 jocos,
1225 2019 1294 2112 le'd
1312 2021 1390 2112 hos
1408 2021 1533 2140 saepe
1557 2019 1828 2139 turpiculos,¹
1849 2029 1938 2108 cat-

544 2175 546 2182 ·
586 2161 705 2248 mina
736 2159 833 2266 illa,
855 2187 962 2273 quae
1002 2161 1264 2272 appellantur
1294 2162 1479 2252 Canama·
1518 2163 1703 2268 riballo,
1734 2157 1851 2276 quod
1891 2156 1938 2246 in

564 2297 808 2416 ‚saltatione
836 2294 1119 2404 canebantur,
1149 2300 1378 2417 inquibus
1408 2303 1688 2396 conficiendis
1729 2301 1939 2392 comitem

588 2439 772 2532 habuisse
807 2445 997 2532 narratur
1025 2439 1314 2555 Politianum,
1339 2477 1606 2565 quorumque
1627 2444 1940 2564 quinquaginta

588 2583 711 2704 supra
745 2614 922 2685 centum
952 2589 1152 2706 reliquit.
1180 2590 1400 2680 Omnium
1442 2591 1607 2708 primus
1647 2590 1812 2680 invexit
1849 2613 1939 2718 cau-

588 2734 759 2824 miuum
787 2757 918 2850 genus
947 2731 1157 2850 elegans,
1175 2730 1364 2826 facetum
1398 2739 1439 2822 ἃ
1473 2729 1651 2842 sallum,
1681 2727 1798 2850 quod
1833 2726 1941 2820 dici·

590 2901 687 2962 mus
716 2878 870 2962 Ottave
900 2872 1098 2987 malicie,
1131 2879 1303 2994 inquo
1344 2869 1481 2995 pastor
1514 2871 1612 2966 suos
1642 2903 1808 2966 amores
1839 2897 1941 2987 erga

590 3015 809 3107 Nenciam
839 3045 864 3107 e
894 3013 1153 3128 Barberino,
1168 3016 1375 3137 hujusque
1393 3021 1543 3112 merita
1571 3017 1787 3110 declarans
1816 3009 1940 3104 indu·

341 3129 346 3138 .
394 3137 397 3150 ¹
536 3213 543 3231 x
589 3162 704 3250 citur
717 3229 734 3264 ·.
747 3159 898 3252 Simile
928 3161 1158 3280 quidpiam·
1179 3159 1373 3255 confecit
1401 3157 1615 3280 Aloysrus.
1629 3159 1828 3267 Pulcius,
1851 3153 1941 3252 'edi-

531 3341 536 3346 ·
591 3327 635 3394 ta
660 3308 706 3391 'la
736 3307 843 3394 aera
888 3301 933 3392 di
963 3307 1211 3416 Dicomano,
1253 3333 1384 3422 quum
1428 3301 1535 3396 salso
1581 3301 1785 3394 nonnulli
1827 3295 1938 3392 Lau·

589 3447 729 3534 rentio
760 3443 835 3564 ipli
880 3449 1151 3542 tribuendam
1200 3449 1279 3544 elle
1308 3469 1533 3566 putarunt.
1568 3445 1765 3534 Omnino
1800 3436 1940 3555 lepida

590 3583 690 3678 sunt
721 3594 771 3678 δι’
805 3583 948 3682 festiva
986 3597 1175 3686 carmina
1210 3595 1314 3703 illa,
1338 3618 1451 3710 ‘quae
1493 3583 1702 3704 inscripsrt
1738 3589 1755 3676 i
1784 3582 1941 3693 Beona,

592 3731 709 3846 quod
739 3757 909 3852 potores
936 3735 1095 3846 bibuli,
1126 3741 1201 3856 qui
1220 3742 1267 3830 in
1285 3733 1528 3855 ‘quemdam
1558 3731 1848 3824 suburbanum
1879 3725 1944 3816 lo'·

578 3901 698 3964 cum
729 3903 992 3987 convenere,
1027 3877 1446 3990 commonstrantur,
1489 3887 1530 3972 u
1568 3876 1684 3968 varie
1714 3871 1943 3964 irridentur

594 4019 651 4110 ob
680 4019 767 4110 hoc
795 4047 935 4108 unum
975 4023 1137 4110 vitium
1153 4085 1172 4130 ‚„
1209 4027 1309 4141 quia
1350 4026 1457 4115 vino
1500 4020 1637 4118 dediti
1671 4012 1830 4108 ellent.
1875 4007 1943 4100 Ex

595 4163 849 4282 Caregiano-
872 4159 1067 4287 redeunti
1088 4164 1304 4256 oblatum
1318 4163 1500 4286 -·satyrae
1527 4185 1861 4286 argumentum,
1901 4159 1944 4244 δι

595 4336 702 4423 pene
729 4338 780 4396 ex
810 4334 1003 4426 tempore
1041 4305 1161 4396 illam
1202 4305 1430 4400 confecille
1476 4305 1759 4398 Laurentium
1799 4299 1946 4390 arator

596 4445 653 4538 est
682 4447 896 4542 Nicolaus
924 4447 1151 4540 Valerius.
1182 4449 1348 4544 aalibus
1375 4451 1573 4572 plurimis
1599 4445 1818 4563 &lepore
1839 4453 1946 4536 con·
