4472 5858
565 461 566 466 Ν
651 457 702 546 70
824 423 1730 544 Lru‚rrurr⁴1‚M,an‚tc.rs

574 639 1057 766 ,Constantinupulitani
1107 650 1276 768 imperii
1327 647 1500 752 clavum
1552 649 1726 774 tenebat
1781 639 1936 748 Maho-

587 815 749 908 metes)
779 787 857 884 ubi
885 787 937 876 de
978 812 1071 882 tota
1100 817 1144 886 re
1173 791 1346 898 edoiius
1377 789 1457 902 est,
1490 797 1600 884 tanti
1631 789 1744 910 apud
1786 787 1827 880 se
1856 815 1935 879 nu·

588 957 838 1060 memetque
868 925 1121 1048 dignitatem
1144 932 1364 1042 Laurentii
1382 932 1462 1026 effe
1491 935 1625 1042 dixit,
1657 959 1709 1024 ut
1739 955 1935 1046 compre·

588 1069 767 1166 hensum
799 1070 1061 1170 Bandinium
1092 1075 1145 1164 ad
1176 1079 1377 1169 eumdem
1409 1079 1566 1171 deduci
1596 1074 1785 1196 juss'erit.
1813 1069 1936 1160 Cum

588 1215 858 1334 Florentiam
883 1209 1081 1342 postridie
1113 1217 1209 1312 idus
1241 1221 1493 1345 Decembris
1524 1249 1639 1310 anno
1658 1239 1934 1308 nceccaxxrx.

589 1353 789 1478 uenisset,
825 1387 983 1484 paucos
1029 1354 1121 1486 post
1166 1359 1257 1462 dies
1303 1351 1456 1452 eudem
1501 1360 1700 1480 supplicii
1743 1384 1933 1478 genere,

588 1531 678 1619 quo
723 1503 880 1616 ceteri,
921 1531 1029 1624 quos
1071 1505 1266 1594 criminis
1308 1501 1447 1616 socios
1500 1503 1680 1613 habuit,
1724 1497 1934 1597 afficitur.
2052 1553 2055 1558 -

589 1649 699 1763 Qu
750 1641 989 1764 speiiaculo
1028 1643 1129 1741 laeti
1171 1647 1411 1748 Florentini
1453 1647 1665 1773 Legatum
1707 1639 1937 1760 adipsum

592 1792 843 1886 Turenum
863 1791 1028 1911 Regem
1054 1788 1262 1890 miserunt
1291 1791 1542 1886 Antonium
1583 1779 1832 1892 Medicam,
1864 1781 1938 1898 qui
2018 1837 2023 1846 ·

585 1934 642 2024 de
677 1927 878 2046 conceiio
916 1935 1115 2030 omnium
1152 1930 1404 2052 nequiffimo
1434 1961 1507 2023 reo
1541 1933 1608 2028 illi
1644 1930 1799 2054 gratias
1840 1923 1938 2012 uni·

561 2067 725 2166 ¹versae
767 2077 1048 2201 Reipublicae
1096 2077 1366 2174 Florentinae
1408 2077 1587 2172 nomine
1629 2061 1799 2198 ageret}
1834 2061 1936 2158 Na·

586 2217 716 2338 poleo
745 2213 1015 2322 Franzefius,
1047 2243 1174 2332 opem
1204 2219 1429 2332 praebente
1460 2219 1588 2316 Petro
1618 2209 1937 2330 Vespuccioze·

587 2355 741 2474 quite,
772 2353 875 2472 fuga
917 2335 1103 2444 mortem
1143 2359 1321 2458 vitavit,
1359 2359 1548 2474 Populus
1587 2357 1641 2452 ad
1676 2353 1942 2477 supplicium

590 2501 682 2616 rapi
716 2497 915 2610 Riarium
946 2499 1220 2600 cardinalem,
1251 2481 1489 2626 postulabat
1516 2487 1644 2617 (78)';
1675 2494 1746 2588 sed
1777 2491 1940 2603 facium

591 2637 732 2730 studio
774 2639 1025 2752 Laurentii,
1065 2666 1116 2750 ut
1156 2643 1192 2742 is
1223 2642 1559 2767 sdiligentiffime.
1587 2636 1907 2748 ,conservaretur
1921 2689 1939 2738 a

591 2791 631 2898 δι
674 2783 727 2880 ab
772 2787 895 2884 omui
920 2783 1091 2896 'injuria
1133 2785 1452 2905 prohiberetur.
1485 2786 1572 2900 Ea,
1604 2813 1712 2904 quae
1751 2777 1941 2886 fecerat,

592 2957 684 3017 non
715 2924 865 3040 fraude
901 2935 941 3028 δι
967 2929 1132 3030 malitia
1161 2926 1199 3032 se
1235 2927 1397 3040 fecisse,
1430 2927 1553 3047 seque
1586 2931 1784 3046 ignarum
1819 2947 1941 3042 pror-

591 3063 661 3164 sus
691 3065 813 3180 fuiffe
840 3073 945 3190 quid
977 3055 1188 3186 cunjuruti,
1221 3055 1373 3176 moliti
1397 3067 1526 3170 essent
1554 3068 1814 3177 affirmabat,
1833 3093 1943 3182 quae

592 3215 902 3332 quamvisnon
934 3215 1136 3320 haberent
1164 3194 1427 3335 probabilem
1454 3211 1773 3314 excusationem
1788 3272 1815 3318 ‚.
1832 3208 1943 3298 Lau·
2001 3217 2005 3224 ’

591 3358 754 3445 tentius
784 3381 928 3458 tamen
971 3361 1061 3474 ejus
1092 3363 1218 3460 aetati
1260 3357 1421 3486 aliquid
1452 3357 1644 3446 dandum
1676 3355 1814 3475 (narn
1845 3378 1941 3450 tum

589 3497 665 3588 vix
694 3497 918 3598 decimum
954 3503 1154 3590 octavum
1201 3529 1364 3598 annum
1407 3499 1687 3619 expleverat)
1727 3505 1768 3590 δι
1800 3494 1945 3622 dignis

533 3766 535 3770 .
590 3635 673 3731 tati
703 3639 966 3764 parcendum
996 3639 1282 3740 existimavit.
1315 3645 1385 3736 De
1415 3643 1539 3752 aliis,
1558 3645 1778 3760 quierant
1797 3633 1856 3725 ¹in
1882 3631 1942 3724 ft·

591 3779 713 3874 milia
746 3805 843 3884 turn
874 3779 1000 3904 ipsius
1037 3783 1301 3904 Cardinalis‚
1336 3813 1434 3914 turn
1464 3785 1604 3884 Pisani
1640 3773 1942 3897 Archiepisco·

592 3923 639 4041 pi
672 3921 793 4040 (79),
829 3953 1016 4052 quorum
1049 3931 1227 4028 nomina
1258 3927 1411 4022 referre
1439 3961 1529 4022 non
1575 3928 1726 4044 juvat,
1758 3912 1948 4041 graviss'le

595 4095 666 4156 me
699 4064 1043 4191 acerbiffimeque
1073 4069 1348 4190 decernitur,
1385 4098 1434 4170 ut
1466 4069 1614 4168 i'oedae
1644 4063 1942 4166 cadaveribus,

595 4238 702 4328 quae
746 4243 770 4308 a
812 4210 976 4314 ‚furenti
1021 4215 1186 4336 populo
1230 4215 1278 4314 in
1321 4213 1513 4310 membra
1568 4208 1910 4327 discerpebantur
1928 4265 1946 4308 ,a

596 4353 758 4488 multae
794 4357 912 4454 urbis
950 4359 1047 4452 viae
1092 4352 1249 4484 essent.
1292 4358 1392 4477 Jam
1429 4386 1528 4454 ante
1568 4352 1788 4448 Laurentii
1828 4343 1951 4470 iores¹
