<?xml version="1.0" encoding="UTF-8"?>
<!DOCTYPE html PUBLIC "-//W3C//DTD XHTML 1.0 Transitional//EN"
    "http://www.w3.org/TR/xhtml1/DTD/xhtml1-transitional.dtd">
<html xmlns="http://www.w3.org/1999/xhtml" xml:lang="en" lang="en">
 <head>
  <title>
</title>
<meta http-equiv="Content-Type" content="text/html;charset=utf-8" />
  <meta name='ocr-system' content='tesseract 3.04.00' />
  <meta name='ocr-capabilities' content='ocr_page ocr_carea ocr_par ocr_line ocrx_word'/>
</head>
<body>
  <div class='ocr_page' id='page_1' title='image "./laurentiimedici00fabrgoog_0166.png"; bbox 0 0 4472 5858; ppageno 0'>
   <div class='ocr_carea' id='block_1_1' title="bbox 443 529 1567 644">
    <p class='ocr_par' dir='ltr' id='par_1_1' title="bbox 443 529 1567 644">
     <span class='ocr_line' id='line_1_1' title="bbox 443 529 1567 644; baseline -0.012 -8"><span class='ocrx_word' id='word_1_1' title='bbox 443 579 458 632; x_wconf 86' lang='lat'>·.</span> <span class='ocrx_word' id='word_1_2' title='bbox 558 529 1026 634; x_wconf 77' lang='lat' dir='ltr'>MroN&#39;rrrcr</span> <span class='ocrx_word' id='word_1_3' title='bbox 1087 533 1300 633; x_wconf 74' lang='lat' dir='ltr'>Vrua</span> <span class='ocrx_word' id='word_1_4' title='bbox 1489 564 1567 644; x_wconf 81' lang='lat'>¹53</span> 
     </span>
    </p>
   </div>
   <div class='ocr_carea' id='block_1_2' title="bbox 180 747 1638 4558">
    <p class='ocr_par' dir='ltr' id='par_1_2' title="bbox 289 747 1638 1446">
     <span class='ocr_line' id='line_1_2' title="bbox 291 747 1632 876; baseline -0.01 -26"><span class='ocrx_word' id='word_1_5' title='bbox 291 760 528 853; x_wconf 85' lang='lat' dir='ltr'>mediocres</span> <span class='ocrx_word' id='word_1_6' title='bbox 564 783 683 852; x_wconf 90' lang='lat' dir='ltr'>erant</span> <span class='ocrx_word' id='word_1_7' title='bbox 716 755 932 849; x_wconf 86' lang='lat' dir='ltr'>mercedes</span> <span class='ocrx_word' id='word_1_8' title='bbox 961 787 1138 876; x_wconf 85' lang='lat' dir='ltr'>operae.</span> <span class='ocrx_word' id='word_1_9' title='bbox 1172 755 1292 849; x_wconf 88' lang='lat' dir='ltr'>Nam</span> <span class='ocrx_word' id='word_1_10' title='bbox 1325 751 1479 864; x_wconf 90' lang='lat' dir='ltr'>Joanni</span> <span class='ocrx_word' id='word_1_11' title='bbox 1524 747 1632 838; x_wconf 91' lang='lat' dir='ltr'>Ros·</span> 
     </span>
     <span class='ocr_line' id='line_1_3' title="bbox 291 889 1638 1020; baseline -0.006 -32"><span class='ocrx_word' id='word_1_12' title='bbox 291 900 352 992; x_wconf 87' lang='lat' dir='ltr'>lio</span> <span class='ocrx_word' id='word_1_13' title='bbox 376 901 621 1012; x_wconf 79' lang='lat' dir='ltr'>Cretensi,</span> <span class='ocrx_word' id='word_1_14' title='bbox 667 933 754 1020; x_wconf 91' lang='lat' dir='ltr'>quo</span> <span class='ocrx_word' id='word_1_15' title='bbox 790 911 831 994; x_wconf 80' lang='lat' dir='ltr'>br</span> <span class='ocrx_word' id='word_1_16' title='bbox 874 903 1044 1002; x_wconf 89' lang='lat' dir='ltr'>librario</span> <span class='ocrx_word' id='word_1_17' title='bbox 1086 904 1132 992; x_wconf 90' lang='lat' dir='ltr'>in</span> <span class='ocrx_word' id='word_1_18' title='bbox 1171 899 1319 1018; x_wconf 81' lang='lat' dir='ltr'>primis</span> <span class='ocrx_word' id='word_1_19' title='bbox 1360 891 1458 982; x_wconf 89' lang='lat' dir='ltr'>usus</span> <span class='ocrx_word' id='word_1_20' title='bbox 1500 889 1638 980; x_wconf 87' lang='lat' dir='ltr'>suerat</span> 
     </span>
     <span class='ocr_line' id='line_1_4' title="bbox 289 1035 1634 1164; baseline -0.009 -30"><span class='ocrx_word' id='word_1_21' title='bbox 289 1041 502 1136; x_wconf 84' lang='lat' dir='ltr'>Bellarion</span> <span class='ocrx_word' id='word_1_22' title='bbox 548 1045 813 1155; x_wconf 86' lang='lat' dir='ltr'>Cardinalis,</span> <span class='ocrx_word' id='word_1_23' title='bbox 844 1075 922 1164; x_wconf 90' lang='lat' dir='ltr'>pro</span> <span class='ocrx_word' id='word_1_24' title='bbox 950 1043 1167 1160; x_wconf 86' lang='lat' dir='ltr'>exscriptis</span> <span class='ocrx_word' id='word_1_25' title='bbox 1202 1043 1245 1131; x_wconf 55' lang='lat' dir='ltr'>S,</span> <span class='ocrx_word' id='word_1_26' title='bbox 1275 1035 1506 1156; x_wconf 85' lang='lat' dir='ltr'>Augustini</span> <span class='ocrx_word' id='word_1_27' title='bbox 1536 1065 1634 1153; x_wconf 85' lang='lat' dir='ltr'>ope-</span> 
     </span>
     <span class='ocr_line' id='line_1_5' title="bbox 289 1179 1633 1304; baseline -0.01 -27"><span class='ocrx_word' id='word_1_28' title='bbox 289 1187 419 1304; x_wconf 66' lang='lat' dir='ltr'>ribus¹</span> <span class='ocrx_word' id='word_1_29' title='bbox 445 1189 500 1276; x_wconf 92' lang='lat' dir='ltr'>D.</span> <span class='ocrx_word' id='word_1_30' title='bbox 532 1184 658 1304; x_wconf 89' lang='lat' dir='ltr'>usque</span> <span class='ocrx_word' id='word_1_31' title='bbox 687 1187 845 1280; x_wconf 91' lang='lat' dir='ltr'>florcna</span> <span class='ocrx_word' id='word_1_32' title='bbox 875 1185 1062 1280; x_wconf 87' lang='lat' dir='ltr'>exsoluta</span> <span class='ocrx_word' id='word_1_33' title='bbox 1092 1185 1215 1280; x_wconf 86' lang='lat' dir='ltr'>fuisse</span> <span class='ocrx_word' id='word_1_34' title='bbox 1255 1186 1459 1274; x_wconf 88' lang='lat' dir='ltr'>invenio.</span> <span class='ocrx_word' id='word_1_35' title='bbox 1494 1179 1633 1293; x_wconf 83' lang='lat' dir='ltr'>Adju-</span> 
     </span>
     <span class='ocr_line' id='line_1_6' title="bbox 293 1325 1634 1446; baseline -0.007 -28"><span class='ocrx_word' id='word_1_36' title='bbox 293 1331 465 1420; x_wconf 83' lang='lat' dir='ltr'>vabatur</span> <span class='ocrx_word' id='word_1_37' title='bbox 494 1333 624 1422; x_wconf 89' lang='lat' dir='ltr'>etiam</span> <span class='ocrx_word' id='word_1_38' title='bbox 649 1331 899 1422; x_wconf 84' lang='lat' dir='ltr'>Laurentius</span> <span class='ocrx_word' id='word_1_39' title='bbox 939 1330 991 1422; x_wconf 89' lang='lat' dir='ltr'>ad</span> <span class='ocrx_word' id='word_1_40' title='bbox 1022 1361 1150 1422; x_wconf 90' lang='lat' dir='ltr'>manu</span> <span class='ocrx_word' id='word_1_41' title='bbox 1181 1325 1357 1446; x_wconf 88' lang='lat' dir='ltr'>scriptos</span> <span class='ocrx_word' id='word_1_42' title='bbox 1387 1351 1634 1440; x_wconf 86' lang='lat' dir='ltr'>comparan-</span> 
     </span>
    </p>

    <p class='ocr_par' dir='ltr' id='par_1_3' title="bbox 246 1463 1630 2297">
     <span class='ocr_line' id='line_1_7' title="bbox 246 1463 1630 1592; baseline -0.007 -33"><span class='ocrx_word' id='word_1_43' title='bbox 246 1463 249 1469; x_wconf 66' lang='grc'><strong>’</strong></span> <span class='ocrx_word' id='word_1_44' title='bbox 294 1471 372 1561; x_wconf 89' lang='lat' dir='ltr'>dos</span> <span class='ocrx_word' id='word_1_45' title='bbox 403 1470 573 1562; x_wconf 86' lang='lat' dir='ltr'>codices</span> <span class='ocrx_word' id='word_1_46' title='bbox 603 1501 626 1560; x_wconf 89' lang='lat' dir='ltr'>a</span> <span class='ocrx_word' id='word_1_47' title='bbox 657 1471 934 1592; x_wconf 86' lang='lat' dir='ltr'>Hieronymo</span> <span class='ocrx_word' id='word_1_48' title='bbox 965 1475 1164 1584; x_wconf 91' lang='lat' dir='ltr'>Donato,</span> <span class='ocrx_word' id='word_1_49' title='bbox 1194 1474 1246 1564; x_wconf 92' lang='lat' dir='ltr'>ab</span> <span class='ocrx_word' id='word_1_50' title='bbox 1274 1469 1514 1560; x_wconf 86' lang='lat' dir='ltr'>Hermolao</span> <span class='ocrx_word' id='word_1_51' title='bbox 1532 1463 1630 1554; x_wconf 89' lang='lat' dir='ltr'>Bar·</span> 
     </span>
     <span class='ocr_line' id='line_1_8' title="bbox 290 1603 1629 1730; baseline -0.003 -30"><span class='ocrx_word' id='word_1_52' title='bbox 290 1612 412 1722; x_wconf 82' lang='lat' dir='ltr'>ba&#39;ro&#39;,</span> <span class='ocrx_word' id='word_1_53' title='bbox 453 1613 702 1706; x_wconf 89' lang='lat' dir='ltr'>hominibus</span> <span class='ocrx_word' id='word_1_54' title='bbox 743 1615 932 1708; x_wconf 72' lang='lat' dir='ltr'>dodlrina</span> <span class='ocrx_word' id='word_1_55' title='bbox 962 1622 1002 1706; x_wconf 77' lang='grc' dir='ltr'>δι</span> <span class='ocrx_word' id='word_1_56' title='bbox 1033 1617 1255 1705; x_wconf 89' lang='lat' dir='ltr'>nobilitate</span> <span class='ocrx_word' id='word_1_57' title='bbox 1295 1603 1629 1730; x_wconf 85' lang='lat' dir='ltr'>praecellentiffi·</span> 
     </span>
     <span class='ocr_line' id='line_1_9' title="bbox 291 1753 1623 1878; baseline -0.003 -34"><span class='ocrx_word' id='word_1_58' title='bbox 291 1755 396 1862; x_wconf 91' lang='lat' dir='ltr'>mis,</span> <span class='ocrx_word' id='word_1_59' title='bbox 429 1787 453 1844; x_wconf 88' lang='lat' dir='ltr'>a</span> <span class='ocrx_word' id='word_1_60' title='bbox 497 1755 738 1871; x_wconf 89' lang='lat' dir='ltr'>Pomponio</span> <span class='ocrx_word' id='word_1_61' title='bbox 778 1757 953 1865; x_wconf 85' lang='lat' dir='ltr'>Laeta,</span> <span class='ocrx_word' id='word_1_62' title='bbox 983 1759 1077 1848; x_wconf 87' lang='lat' dir='ltr'>viro</span> <span class='ocrx_word' id='word_1_63' title='bbox 1120 1775 1339 1846; x_wconf 87' lang='lat' dir='ltr'>nontam</span> <span class='ocrx_word' id='word_1_64' title='bbox 1375 1753 1623 1878; x_wconf 87' lang='lat' dir='ltr'>eruditione</span> 
     </span>
     <span class='ocr_line' id='line_1_10' title="bbox 286 1891 1629 2012; baseline -0.003 -27"><span class='ocrx_word' id='word_1_65' title='bbox 286 1922 422 2012; x_wconf 79' lang='lat' dir='ltr'>quam</span> <span class='ocrx_word' id='word_1_66' title='bbox 441 1893 618 1992; x_wconf 61' lang='lat' dir='ltr'>,casabus</span> <span class='ocrx_word' id='word_1_67' title='bbox 651 1895 824 2008; x_wconf 88' lang='lat' dir='ltr'>illustri,</span> <span class='ocrx_word' id='word_1_68' title='bbox 848 1931 872 1988; x_wconf 90' lang='lat' dir='ltr'>a</span> <span class='ocrx_word' id='word_1_69' title='bbox 901 1899 1048 1990; x_wconf 85' lang='lat' dir='ltr'>Paullo</span> <span class='ocrx_word' id='word_1_70' title='bbox 1079 1894 1276 1988; x_wconf 87' lang='lat' dir='ltr'>Cortesro</span> <span class='ocrx_word' id='word_1_71' title='bbox 1306 1904 1345 1986; x_wconf 82' lang='grc' dir='ltr'>δι</span> <span class='ocrx_word' id='word_1_72' title='bbox 1374 1897 1426 1986; x_wconf 85' lang='lat' dir='ltr'>ab</span> <span class='ocrx_word' id='word_1_73' title='bbox 1456 1891 1629 1983; x_wconf 89' lang='lat' dir='ltr'>Andro·</span> 
     </span>
     <span class='ocr_line' id='line_1_11' title="bbox 289 2033 1630 2150; baseline -0.001 -24"><span class='ocrx_word' id='word_1_74' title='bbox 289 2038 392 2127; x_wconf 89' lang='lat' dir='ltr'>nico</span> <span class='ocrx_word' id='word_1_75' title='bbox 440 2035 827 2148; x_wconf 83' lang='lat' dir='ltr'>Thessalonicenfi,</span> <span class='ocrx_word' id='word_1_76' title='bbox 864 2037 917 2129; x_wconf 90' lang='lat' dir='ltr'>de</span> <span class='ocrx_word' id='word_1_77' title='bbox 959 2040 1080 2150; x_wconf 86' lang='lat' dir='ltr'>cujus</span> <span class='ocrx_word' id='word_1_78' title='bbox 1121 2039 1376 2130; x_wconf 84' lang='lat' dir='ltr'>bibliotheca</span> <span class='ocrx_word' id='word_1_79' title='bbox 1419 2033 1630 2144; x_wconf 86' lang='lat' dir='ltr'>emenda,</span> 
     </span>
     <span class='ocr_line' id='line_1_12' title="bbox 289 2174 1626 2297; baseline -0.001 -31"><span class='ocrx_word' id='word_1_80' title='bbox 289 2207 394 2267; x_wconf 87' lang='lat' dir='ltr'>cunr</span> <span class='ocrx_word' id='word_1_81' title='bbox 419 2180 580 2268; x_wconf 85' lang='lat' dir='ltr'>ltaliam</span> <span class='ocrx_word' id='word_1_82' title='bbox 611 2176 696 2296; x_wconf 89' lang='lat' dir='ltr'>ipse</span> <span class='ocrx_word' id='word_1_83' title='bbox 722 2177 972 2297; x_wconf 87' lang='lat' dir='ltr'>reliquisset,</span> <span class='ocrx_word' id='word_1_84' title='bbox 1004 2177 1184 2272; x_wconf 88' lang='lat' dir='ltr'>studiose</span> <span class='ocrx_word' id='word_1_85' title='bbox 1206 2174 1298 2272; x_wconf 86' lang='lat' dir='ltr'>sane</span> <span class='ocrx_word' id='word_1_86' title='bbox 1321 2180 1408 2294; x_wconf 84' lang='lat' dir='ltr'>egit</span> <span class='ocrx_word' id='word_1_87' title='bbox 1435 2207 1538 2266; x_wconf 89' lang='lat' dir='ltr'>curn</span> <span class='ocrx_word' id='word_1_88' title='bbox 1558 2176 1626 2285; x_wconf 90' lang='lat' dir='ltr'>Jo.</span> 
     </span>
    </p>

    <p class='ocr_par' dir='ltr' id='par_1_4' title="bbox 257 2309 1630 3144">
     <span class='ocr_line' id='line_1_13' title="bbox 257 2309 1630 2438; baseline -0.003 -30"><span class='ocrx_word' id='word_1_89' title='bbox 257 2420 261 2428; x_wconf 45' lang='grc'>,</span> <span class='ocrx_word' id='word_1_90' title='bbox 288 2315 514 2412; x_wconf 87' lang='lat' dir='ltr'>Francisco</span> <span class='ocrx_word' id='word_1_91' title='bbox 536 2353 558 2412; x_wconf 89' lang='lat' dir='ltr'>a</span> <span class='ocrx_word' id='word_1_92' title='bbox 577 2319 717 2412; x_wconf 91' lang='lat' dir='ltr'>Turre</span> <span class='ocrx_word' id='word_1_93' title='bbox 735 2321 773 2435; x_wconf 91' lang='lat' dir='ltr'>(r</span> <span class='ocrx_word' id='word_1_94' title='bbox 788 2322 883 2436; x_wconf 88' lang='lat'>55).</span> <span class='ocrx_word' id='word_1_95' title='bbox 898 2309 973 2410; x_wconf 72' lang='lat' dir='ltr'>Ad</span> <span class='ocrx_word' id='word_1_96' title='bbox 998 2318 1190 2412; x_wconf 89' lang='lat' dir='ltr'>officium</span> <span class='ocrx_word' id='word_1_97' title='bbox 1209 2347 1377 2436; x_wconf 86' lang='lat' dir='ltr'>quoque</span> <span class='ocrx_word' id='word_1_98' title='bbox 1396 2315 1519 2408; x_wconf 88' lang='lat' dir='ltr'>suum</span> <span class='ocrx_word' id='word_1_99' title='bbox 1539 2345 1630 2438; x_wconf 86' lang='lat' dir='ltr'>per-</span> 
     </span>
     <span class='ocr_line' id='line_1_14' title="bbox 286 2458 1628 2566; baseline 0 -18"><span class='ocrx_word' id='word_1_100' title='bbox 286 2461 422 2550; x_wconf 89' lang='lat' dir='ltr'>tinere</span> <span class='ocrx_word' id='word_1_101' title='bbox 453 2462 1008 2558; x_wconf 81' lang='lat' dir='ltr'>arbitrabaturLaurcntius</span> <span class='ocrx_word' id='word_1_102' title='bbox 1037 2463 1083 2552; x_wconf 89' lang='lat' dir='ltr'>id</span> <span class='ocrx_word' id='word_1_103' title='bbox 1114 2490 1287 2566; x_wconf 89' lang='lat' dir='ltr'>curare,</span> <span class='ocrx_word' id='word_1_104' title='bbox 1319 2488 1370 2550; x_wconf 90' lang='lat' dir='ltr'>ut</span> <span class='ocrx_word' id='word_1_105' title='bbox 1399 2462 1548 2550; x_wconf 85' lang='lat' dir='ltr'>Petrus</span> <span class='ocrx_word' id='word_1_106' title='bbox 1578 2458 1628 2548; x_wconf 86' lang='lat' dir='ltr'>fi·</span> 
     </span>
     <span class='ocr_line' id='line_1_15' title="bbox 287 2599 1628 2725; baseline 0.003 -36"><span class='ocrx_word' id='word_1_107' title='bbox 287 2601 369 2690; x_wconf 87' lang='lat' dir='ltr'>lius</span> <span class='ocrx_word' id='word_1_108' title='bbox 401 2633 489 2691; x_wconf 90' lang='lat' dir='ltr'>non</span> <span class='ocrx_word' id='word_1_109' title='bbox 520 2600 659 2694; x_wconf 87' lang='lat' dir='ltr'>solum</span> <span class='ocrx_word' id='word_1_110' title='bbox 683 2605 864 2725; x_wconf 84' lang='lat' dir='ltr'>diligens</span> <span class='ocrx_word' id='word_1_111' title='bbox 895 2604 993 2698; x_wconf 89' lang='lat' dir='ltr'>ellet</span> <span class='ocrx_word' id='word_1_112' title='bbox 1020 2601 1157 2697; x_wconf 90' lang='lat' dir='ltr'>custos</span> <span class='ocrx_word' id='word_1_113' title='bbox 1186 2631 1254 2697; x_wconf 90' lang='lat' dir='ltr'>tot</span> <span class='ocrx_word' id='word_1_114' title='bbox 1279 2599 1508 2693; x_wconf 88' lang='lat' dir='ltr'>illustrium</span> <span class='ocrx_word' id='word_1_115' title='bbox 1532 2633 1628 2694; x_wconf 91' lang='lat' dir='ltr'>mo·</span> 
     </span>
     <span class='ocr_line' id='line_1_16' title="bbox 286 2743 1625 2864; baseline 0.003 -34"><span class='ocrx_word' id='word_1_116' title='bbox 286 2767 620 2854; x_wconf 90' lang='lat' dir='ltr'>numentorum,</span> <span class='ocrx_word' id='word_1_117' title='bbox 651 2745 720 2838; x_wconf 90' lang='lat' dir='ltr'>sed</span> <span class='ocrx_word' id='word_1_118' title='bbox 751 2751 880 2840; x_wconf 87' lang='lat' dir='ltr'>etiam</span> <span class='ocrx_word' id='word_1_119' title='bbox 911 2775 962 2840; x_wconf 90' lang='lat' dir='ltr'>ut</span> <span class='ocrx_word' id='word_1_120' title='bbox 993 2743 1154 2864; x_wconf 89' lang='lat' dir='ltr'>ipsein</span> <span class='ocrx_word' id='word_1_121' title='bbox 1185 2747 1336 2835; x_wconf 87' lang='lat' dir='ltr'>iisdem</span> <span class='ocrx_word' id='word_1_122' title='bbox 1367 2743 1513 2832; x_wconf 90' lang='lat' dir='ltr'>studiis</span> <span class='ocrx_word' id='word_1_123' title='bbox 1544 2773 1625 2860; x_wconf 92' lang='lat' dir='ltr'>pro</span> 
     </span>
     <span class='ocr_line' id='line_1_17' title="bbox 284 2879 1625 3005; baseline 0.001 -33"><span class='ocrx_word' id='word_1_124' title='bbox 284 2907 401 2999; x_wconf 88' lang='lat' dir='ltr'>parte</span> <span class='ocrx_word' id='word_1_125' title='bbox 429 2879 500 2973; x_wconf 91' lang='lat' dir='ltr'>sua</span> <span class='ocrx_word' id='word_1_126' title='bbox 530 2883 786 2995; x_wconf 83' lang='lat' dir='ltr'>versaretur,</span> <span class='ocrx_word' id='word_1_127' title='bbox 819 2888 935 3004; x_wconf 93' lang='lat' dir='ltr'>quod</span> <span class='ocrx_word' id='word_1_128' title='bbox 974 2889 1274 3005; x_wconf 85' lang='lat' dir='ltr'>cognationem</span> <span class='ocrx_word' id='word_1_129' title='bbox 1310 2883 1545 2974; x_wconf 90' lang='lat' dir='ltr'>studiorum</span> <span class='ocrx_word' id='word_1_130' title='bbox 1584 2891 1625 2974; x_wconf 79' lang='grc' dir='ltr'>δι</span> 
     </span>
     <span class='ocr_line' id='line_1_18' title="bbox 284 3023 1622 3144; baseline 0.001 -33"><span class='ocrx_word' id='word_1_131' title='bbox 284 3027 446 3112; x_wconf 87' lang='lat' dir='ltr'>artium</span> <span class='ocrx_word' id='word_1_132' title='bbox 480 3055 568 3113; x_wconf 92' lang='lat' dir='ltr'>non</span> <span class='ocrx_word' id='word_1_133' title='bbox 602 3031 747 3117; x_wconf 88' lang='lat' dir='ltr'>minus</span> <span class='ocrx_word' id='word_1_134' title='bbox 785 3023 861 3116; x_wconf 82' lang='lat' dir='ltr'>esl&#39;e</span> <span class='ocrx_word' id='word_1_135' title='bbox 894 3029 1164 3143; x_wconf 73' lang='lat' dir='ltr'>conjundlam</span> <span class='ocrx_word' id='word_1_136' title='bbox 1195 3032 1379 3134; x_wconf 89' lang='lat' dir='ltr'>diceret,</span> <span class='ocrx_word' id='word_1_137' title='bbox 1413 3055 1540 3144; x_wconf 90' lang='lat' dir='ltr'>quam</span> <span class='ocrx_word' id='word_1_138' title='bbox 1571 3023 1622 3113; x_wconf 86' lang='lat' dir='ltr'>il-</span> 
     </span>
    </p>

    <p class='ocr_par' dir='ltr' id='par_1_5' title="bbox 180 3163 1624 3852">
     <span class='ocr_line' id='line_1_19' title="bbox 180 3163 1623 3288; baseline 0 -36"><span class='ocrx_word' id='word_1_139' title='bbox 180 3235 184 3242; x_wconf 93' lang='lat'>.</span> <span class='ocrx_word' id='word_1_140' title='bbox 286 3165 350 3272; x_wconf 90' lang='lat' dir='ltr'>la,</span> <span class='ocrx_word' id='word_1_141' title='bbox 380 3193 462 3280; x_wconf 92' lang='lat' dir='ltr'>qua</span> <span class='ocrx_word' id='word_1_142' title='bbox 491 3163 607 3255; x_wconf 86' lang='lat' dir='ltr'>filius</span> <span class='ocrx_word' id='word_1_143' title='bbox 637 3169 798 3286; x_wconf 85' lang='lat' dir='ltr'>gloriae</span> <span class='ocrx_word' id='word_1_144' title='bbox 841 3169 1040 3286; x_wconf 84' lang='lat' dir='ltr'>cupidus&#39;</span> <span class='ocrx_word' id='word_1_145' title='bbox 1062 3196 1277 3288; x_wconf 85' lang='lat' dir='ltr'>tantopere</span> <span class='ocrx_word' id='word_1_146' title='bbox 1320 3167 1623 3276; x_wconf 63' lang='lat' dir='ltr'>delectabatur,</span> 
     </span>
     <span class='ocr_line' id='line_1_20' title="bbox 183 3303 1616 3428; baseline -0.001 -33"><span class='ocrx_word' id='word_1_147' title='bbox 183 3357 189 3372; x_wconf 89' lang='lat'><strong>·</strong></span> <span class='ocrx_word' id='word_1_148' title='bbox 284 3309 449 3428; x_wconf 84' lang='lat' dir='ltr'>generis</span> <span class='ocrx_word' id='word_1_149' title='bbox 474 3316 515 3397; x_wconf 88' lang='lat'>&amp;</span> <span class='ocrx_word' id='word_1_150' title='bbox 539 3310 751 3398; x_wconf 84' lang='lat' dir='ltr'>nominis.</span> <span class='ocrx_word' id='word_1_151' title='bbox 784 3311 918 3400; x_wconf 90' lang='lat' dir='ltr'>Porro</span> <span class='ocrx_word' id='word_1_152' title='bbox 949 3303 1057 3428; x_wconf 89' lang='lat' dir='ltr'>ipsos</span> <span class='ocrx_word' id='word_1_153' title='bbox 1090 3318 1304 3403; x_wconf 85' lang='lat' dir='ltr'>venaticos</span> <span class='ocrx_word' id='word_1_154' title='bbox 1334 3338 1455 3401; x_wconf 87' lang='lat' dir='ltr'>canes</span> <span class='ocrx_word' id='word_1_155' title='bbox 1489 3303 1616 3397; x_wconf 83' lang='lat' dir='ltr'>dixis-</span> 
     </span>
     <span class='ocr_line' id='line_1_21' title="bbox 286 3441 1624 3572; baseline 0 -36"><span class='ocrx_word' id='word_1_156' title='bbox 286 3441 378 3554; x_wconf 76' lang='lat' dir='ltr'>ses,</span> <span class='ocrx_word' id='word_1_157' title='bbox 409 3451 469 3537; x_wconf 88' lang='lat' dir='ltr'>ira</span> <span class='ocrx_word' id='word_1_158' title='bbox 498 3449 786 3572; x_wconf 87' lang='lat' dir='ltr'>odorabantur</span> <span class='ocrx_word' id='word_1_159' title='bbox 816 3453 960 3542; x_wconf 89' lang='lat' dir='ltr'>omnia</span> <span class='ocrx_word' id='word_1_160' title='bbox 1001 3459 1041 3541; x_wconf 77' lang='grc' dir='ltr'>δι</span> <span class='ocrx_word' id='word_1_161' title='bbox 1083 3451 1442 3570; x_wconf 82' lang='lat' dir='ltr'>pervestigabant,</span> <span class='ocrx_word' id='word_1_162' title='bbox 1469 3479 1518 3544; x_wconf 92' lang='lat' dir='ltr'>ut</span> <span class='ocrx_word' id='word_1_163' title='bbox 1548 3449 1624 3538; x_wconf 91' lang='lat' dir='ltr'>ubi</span> 
     </span>
     <span class='ocr_line' id='line_1_22' title="bbox 283 3587 1623 3709; baseline 0.002 -33"><span class='ocrx_word' id='word_1_164' title='bbox 283 3587 490 3703; x_wconf 87' lang='lat' dir='ltr'>quidque</span> <span class='ocrx_word' id='word_1_165' title='bbox 508 3617 650 3678; x_wconf 88' lang='lat' dir='ltr'>rarum</span> <span class='ocrx_word' id='word_1_166' title='bbox 682 3587 806 3701; x_wconf 87' lang='lat' dir='ltr'>esset,</span> <span class='ocrx_word' id='word_1_167' title='bbox 846 3595 986 3709; x_wconf 91' lang='lat' dir='ltr'>aliqua</span> <span class='ocrx_word' id='word_1_168' title='bbox 1016 3597 1180 3685; x_wconf 86' lang='lat' dir='ltr'>ratione</span> <span class='ocrx_word' id='word_1_169' title='bbox 1215 3597 1460 3690; x_wconf 86' lang='lat' dir='ltr'>invenirent</span> <span class='ocrx_word' id='word_1_170' title='bbox 1497 3619 1623 3708; x_wconf 89' lang='lat' dir='ltr'>atque</span> 
     </span>
     <span class='ocr_line' id='line_1_23' title="bbox 283 3731 1623 3852; baseline 0.007 -36"><span class='ocrx_word' id='word_1_171' title='bbox 283 3755 599 3846; x_wconf 89' lang='lat' dir='ltr'>compararent.</span> <span class='ocrx_word' id='word_1_172' title='bbox 627 3735 743 3841; x_wconf 78' lang='lat' dir='ltr'>Rea,</span> <span class='ocrx_word' id='word_1_173' title='bbox 773 3763 876 3850; x_wconf 91' lang='lat' dir='ltr'>quae</span> <span class='ocrx_word' id='word_1_174' title='bbox 907 3731 992 3849; x_wconf 90' lang='lat' dir='ltr'>jam</span> <span class='ocrx_word' id='word_1_175' title='bbox 1025 3764 1114 3825; x_wconf 91' lang='lat' dir='ltr'>non</span> <span class='ocrx_word' id='word_1_176' title='bbox 1144 3731 1242 3826; x_wconf 85' lang='lat' dir='ltr'>esset</span> <span class='ocrx_word' id='word_1_177' title='bbox 1269 3734 1469 3845; x_wconf 88' lang='lat' dir='ltr'>obscura,</span> <span class='ocrx_word' id='word_1_178' title='bbox 1500 3733 1623 3852; x_wconf 75' lang='lat' dir='ltr'>ipsius</span> 
     </span>
    </p>

    <p class='ocr_par' dir='ltr' id='par_1_6' title="bbox 221 3867 1622 4418">
     <span class='ocr_line' id='line_1_24' title="bbox 221 3867 1622 4004; baseline 0.003 -42"><span class='ocrx_word' id='word_1_179' title='bbox 221 3993 224 4004; x_wconf 20' lang='grc' dir='ltr'>ι</span> <span class='ocrx_word' id='word_1_180' title='bbox 281 3869 396 3962; x_wconf 89' lang='lat' dir='ltr'>Petri</span> <span class='ocrx_word' id='word_1_181' title='bbox 427 3867 672 3960; x_wconf 86' lang='lat' dir='ltr'>testimonio</span> <span class='ocrx_word' id='word_1_182' title='bbox 701 3871 1049 3982; x_wconf 88' lang='lat' dir='ltr'>confirmabitur,</span> <span class='ocrx_word' id='word_1_183' title='bbox 1079 3881 1154 3994; x_wconf 92' lang='lat' dir='ltr'>qui</span> <span class='ocrx_word' id='word_1_184' title='bbox 1186 3905 1311 3998; x_wconf 83' lang='lat' dir='ltr'>aegro</span> <span class='ocrx_word' id='word_1_185' title='bbox 1330 3883 1463 3998; x_wconf 88' lang='lat' dir='ltr'>patri,</span> <span class='ocrx_word' id='word_1_186' title='bbox 1493 3907 1622 3993; x_wconf 87' lang='lat' dir='ltr'>eaque</span> 
     </span>
     <span class='ocr_line' id='line_1_25' title="bbox 263 4005 1621 4138; baseline 0.004 -40"><span class='ocrx_word' id='word_1_187' title='bbox 263 4009 338 4138; x_wconf 19' lang='lat' dir='ltr'>&#39;de</span> <span class='ocrx_word' id='word_1_188' title='bbox 368 4005 588 4099; x_wconf 81' lang='lat' dir='ltr'>caussa&#39;ad</span> <span class='ocrx_word' id='word_1_189' title='bbox 632 4013 813 4102; x_wconf 87' lang='lat' dir='ltr'>thermas</span> <span class='ocrx_word' id='word_1_190' title='bbox 851 4017 889 4104; x_wconf 90' lang='lat' dir='ltr'>S.</span> <span class='ocrx_word' id='word_1_191' title='bbox 928 4016 1112 4134; x_wconf 89' lang='lat' dir='ltr'>Philippi</span> <span class='ocrx_word' id='word_1_192' title='bbox 1144 4023 1205 4109; x_wconf 85' lang='lat' dir='ltr'>in&#39;</span> <span class='ocrx_word' id='word_1_193' title='bbox 1238 4018 1483 4111; x_wconf 81' lang='lat' dir='ltr'>Senenfiur&#39;n</span> <span class='ocrx_word' id='word_1_194' title='bbox 1521 4046 1621 4134; x_wconf 86' lang='lat' dir='ltr'>agro</span> 
     </span>
     <span class='ocr_line' id='line_1_26' title="bbox 281 4149 1619 4275; baseline 0.006 -37"><span class='ocrx_word' id='word_1_195' title='bbox 281 4153 575 4240; x_wconf 90' lang='lat' dir='ltr'>commoranti</span> <span class='ocrx_word' id='word_1_196' title='bbox 614 4153 782 4242; x_wconf 90' lang='lat' dir='ltr'>nullum</span> <span class='ocrx_word' id='word_1_197' title='bbox 832 4149 972 4269; x_wconf 80' lang='lat' dir='ltr'>majus¹</span> <span class='ocrx_word' id='word_1_198' title='bbox 1002 4151 1042 4245; x_wconf 88' lang='lat' dir='ltr'>se</span> <span class='ocrx_word' id='word_1_199' title='bbox 1084 4154 1227 4247; x_wconf 87' lang='lat' dir='ltr'>afferre</span> <span class='ocrx_word' id='word_1_200' title='bbox 1263 4157 1373 4275; x_wconf 92' lang='lat' dir='ltr'>posse</span> <span class='ocrx_word' id='word_1_201' title='bbox 1419 4155 1619 4246; x_wconf 89' lang='lat' dir='ltr'>solatium</span> 
     </span>
     <span class='ocr_line' id='line_1_27' title="bbox 280 4281 1618 4418; baseline 0.01 -41"><span class='ocrx_word' id='word_1_202' title='bbox 280 4291 582 4405; x_wconf 77' lang='lat' dir='ltr'>arbitrabatur,</span> <span class='ocrx_word' id='word_1_203' title='bbox 620 4291 808 4407; x_wconf 74' lang='lat' dir='ltr'>quamsi</span> <span class='ocrx_word' id='word_1_204' title='bbox 850 4281 909 4382; x_wconf 51' lang='lat' dir='ltr'>ei&#39;</span> <span class='ocrx_word' id='word_1_205' title='bbox 931 4295 1168 4387; x_wconf 85' lang='lat' dir='ltr'>declarasset</span> <span class='ocrx_word' id='word_1_206' title='bbox 1204 4281 1357 4414; x_wconf 74' lang='lat' dir='ltr'>quanta</span> <span class='ocrx_word' id='word_1_207' title='bbox 1398 4298 1618 4418; x_wconf 82' lang='lat' dir='ltr'>diligentia</span> 
     </span>
    </p>

    <p class='ocr_par' dir='ltr' id='par_1_7' title="bbox 243 4415 1615 4558">
     <span class='ocr_line' id='line_1_28' title="bbox 243 4415 1615 4558; baseline 0.009 -41"><span class='ocrx_word' id='word_1_208' title='bbox 243 4415 247 4428; x_wconf 53' lang='lat'>⁵</span> <span class='ocrx_word' id='word_1_209' title='bbox 284 4429 637 4546; x_wconf 80' lang='lat' dir='ltr'>&amp;intelligentia</span> <span class='ocrx_word' id='word_1_210' title='bbox 668 4430 770 4528; x_wconf 83' lang='lat' dir='ltr'>esset</span> <span class='ocrx_word' id='word_1_211' title='bbox 798 4437 845 4524; x_wconf 91' lang='lat' dir='ltr'>in</span> <span class='ocrx_word' id='word_1_212' title='bbox 870 4436 1164 4554; x_wconf 86' lang='lat' dir='ltr'>comparandis</span> <span class='ocrx_word' id='word_1_213' title='bbox 1194 4438 1415 4531; x_wconf 85' lang='lat' dir='ltr'>codicibus</span> <span class='ocrx_word' id='word_1_214' title='bbox 1447 4439 1615 4558; x_wconf 84' lang='lat'>(156).</span> 
     </span>
    </p>
   </div>
   <div class='ocr_carea' id='block_1_3' title="bbox 0 0 2240 5858">
    <p class='ocr_par' dir='ltr' id='par_1_8' title="bbox 0 0 2240 5858">
     <span class='ocr_line' id='line_1_29' title="bbox 0 0 2240 5858; baseline 0 7"><span class='ocrx_word' id='word_1_215' title='bbox 0 0 2240 5858; x_wconf 95' lang='lat' dir='ltr'> </span> 
     </span>
    </p>
   </div>
  </div>
 </body>
</html>
