4492 5860
654 539 753 610 ra,
826 503 1316 600 Lrurrrurrr
1365 511 1732 610 hsrur'crs

587 730 664 846 qui
686 757 721 816 a.
751 737 994 816 r'rocccrxrt.
1019 728 1064 816 in
1093 725 1309 821 Etruriam
1339 742 1531 826 uenerat.
1546 733 1744 828 'Amabat
1774 731 1851 846 hic¹
1876 735 1934 827 E·

588 867 751 962 truscos
775 865 946 970 versus;
964 878 1005 962 &
1037 901 1141 962 cum
1170 870 1342 966 noscere
1368 903 1541 994 cuperet
1562 879 1772 998 quidquid
1796 881 1843 968 in
1863 876 1939 968 suo

588 1043 737 1134 genere
759 1011 993 1131 perfeetum
1024 1009 1152 1125 esset,
1172 1015 1372 1108 satisfecit
1391 1017 1493 1110 huic
1520 1017 1724 1114 desiderio
1754 1021 1939 1112 Lauren·

588 1160 674 1248 tius
697 1156 735 1270 (r
749 1156 816 1271 2),
835 1160 1029 1275 quamuis
1058 1156 1144 1280 ipse
1172 1193 1223 1254 err
1244 1165 1424 1280 pueritia
1453 1166 1527 1253 vir
1558 1191 1655 1256 tum
1689 1161 1938 1262 excesserat:

588 1333 642 1393 ex
671 1330 758 1419 quo
788 1295 991 1421 cognosci
1020 1299 1210 1420 profesto
1239 1303 1373 1424 potest
1403 1310 1586 1425 primam
1617 1309 1733 1400 illius
1758 1332 1940 1400 aetatem

589 1475 679 1576 non
707 1471 811 1538 tam.
828 1441 897 1564 spe
925 1452 967 1540 δι
996 1449 1282 1565 expeslatione
1300 1459 1336 1558 ,'
1361 1477 1490 1566 quam
1529 1463 1574 1542 're
1612 1452 1938 1545 &maturitate

589 1585 712 1682 fuisse
728 1590 977 1683 raudaum.
1010 1591 1165 1712 Magni
1188 1593 1306 1684 enim
1339 1591 1491 1718 judicii
1520 1590 1776 1686 &summae
1805 1587 1939 1682 sacul-

589 1733 689 1826 tatis
720 1729 797 1824 esse
827 1721 1080 1855 debet,',qui
1113 1735 1175 1824 'de
1216 1735 1362 1824 alienis
1397 1731 1562 1854 scriptis
1592 1736 1701 1827 reue
1742 1733 1969 1850 judicatr'

589 1909 726 1999 neque
755 1875 830 1968 fibi
861 1881 1049 1968 nimium
1079 1876 1265 1968 tribuisse
1297 1874 1409 1967 visus
1433 1872 1512 1986 est,
1535 1875 1654 1995 quod
1673 1874 1714 1970 se
1744 1857 1939 1986 medium

587 2021 768 2116 summis
796 2024 934 2140 poetis
963 2021 1248 2136 interjecerit,
1267 2051 1371 2112 cum
1390 2019 1552 2110 videret
1578 2019 1650 2112 sua
1673 2021 1860 2116 carmina
1889 2013 1942 2116 ab

540 2163 545 2171 “
590 2167 647 2254 iis'
693 2167 916 2270 omnibus
942 2163 1144 2279 probari,
1185 2167 1262 2280 qui
1304 2163 1566 2263 verissimum
1585 2204 1590 2212 ’
1609 2158 1942 2282 pulchritudinis

590 2303 802 2421 judicium
843 2327 941 2393 tum
980 2303 1132 2394 habere
1170 2306 1426 2422 putabantur
1441 2319 1461 2396 .'
1493 2305 1669 2396 Fadum
1711 2299 1767 2390 est
1809 2299 1940 2392 etiarn

591 2447 749 2538 horum
779 2445 1114 2555 hortationibus,
1133 2471 1184 2536 ut
1212 2443 1298 2563 ipse
1327 2450 1635 2539 commentaria
1664 2445 1837 2536 adderet
1855 2437 1940 2535 suis

590 2591 809 2680 amatoriis
851 2591 1141 2700 carminibus,
1183 2621 1234 2682 ex
1275 2593 1429 2708 quibus
1457 2590 1666 2706 intelliges
1680 2673 1686 2684 ,
1701 2587 1815 2680 unde
1844 2584 1940 2680 illo·

592 2762 690 2822 rum
712 2743 961 2850 argumenta
992 2733 1241 2849 arripuerit,
1260 2743 1300 2826 br
1318 2765 1451 2853 quam
1485 2760 1579 2854 apte
1607 2734 1744 2824 multa
1773 2725 1943 2847 ipsu-er

590 2875 776 2984 intima,
812 2874 1135 2968 Platonicorum
1164 2873 1434 2997 praesertim,
1453 2872 1721 2994 philosophia
1751 2875 1942 2962 intexue-

591 3025 672 3133 rit,
703 3020 760 3114 src
794 3026 928 3115 utin
963 3025 1048 3116 hoc
1079 3054 1223 3116 rerum
1251 3055 1401 3144 genere
1444 3027 1539 3142 plus
1582 3023 1725 3114 multo
1766 3011 1971 3112 effiecilse·

590 3167 870 3260 Laurentium
900 3163 1081 3262 affirmet
1111 3165 1380 3276 Mirandula,
1399 3197 1527 3286 quam
1555 3170 1766 3284 quantum
1795 3159 1941 3278 vtrlga·

594 3315 708 3402 rium
754 3321 978 3427 poetarum
1019 3315 1189 3430 ingenia
1229 3310 1467 3405 existimare
1497 3306 1682 3428 possmt.
1721 3308 1850 3416 Quot
1889 3329 1942 3392 ex

591 3455 781 3542 Platonis
807 3451 1065 3573 Protagora,
1084 3485 1136 3542 ex
1160 3457 1425 3572 Republica,
1448 3480 1500 3538 ex
1517 3451 1726 3564 Legibus,
1746 3476 1797 3534 ex
1816 3446 1942 3558 Sym-

590 3587 736 3712 posio!
770 3597 906 3706 Qae'
936 3596 1098 3712 aliaque
1134 3591 1380 3708 hujusmodi
1421 3596 1481 3684 ita
1524 3589 1632 3694 belle
1674 3581 1909 3676 vestiuntur
1922 3601 1943 3687 ·,

592 3763 646 3826 ut
676 3767 765 3828 non
796 3739 849 3827 ab
877 3739 970 3828 alio'.
1000 3763 1219 3846 mutuata,
1244 3733 1313 3826 sed
1345 3761 1442 3826 tum
1474 3736 1665 3852 primum
1701 3761 1752 3822 cx
1778 3723 1868 3845 'ipsa
1898 3751 1943 3818 re
2086 3721 2091 3733 ’

595 3877 832 3982 effloruisse,
854 3881 1106 3972 videantur.
1139 3879 1222 3972 Sed
1253 3876 1394 3969 nescio
1426 3874 1649 3994 quomodo
1689 3874 1852 3992 placuit
1875 3869 1942 3956 'il-

596 4027 627 4116 li
669 4025 888 4115 interdum
924 4025 1112 4115 carmina
1144 4021 1216 4114 sua
1244 4023 1426 4146 angustis
1454 4029 1494 4112 δι
1531 4017 1709 4114 concisis
1739 4008 1942 4131 quaestio·

451 4225 453 4228 ·
571 4171 719 4265 'nibus
755 4170 938 4288 illigare,
968 4168 1014 4256 in
1041 4165 1191 4283 quibus
1225 4197 1314 4256 non
1338 4195 1512 4287 poetam
1529 4163 1842 4264 admiraberis,
1869 4149 1940 4248 sed

593 4312 924 4434 philosophum,
954 4313 1029 4429 qui
1059 4311 1114 4400 de
1156 4307 1230 4401 sua
1272 4313 1317 4398 vi
1357 4339 1406 4398 ac
1439 4307 1640 4427 sapientie
1679 4331 1790 4394 unus
1812 4317 1942 4416 pent

597 4451 743 4552 omnia
782 4455 972 4576 profiteri
1015 4451 1220 4544 videtur.
1262 4447 1456 4547 Proseslo
1479 4453 1615 4544 ¹nulla
1645 4473 1849 4571 unquam·
1864 4442 1943 4574 do·

1912 4725 1932 4750 ''
2074 4739 2086 4763 κ

1880 4764 1949 4810 5⁶⁸¹·
