<?xml version="1.0" encoding="UTF-8"?>
<!DOCTYPE html PUBLIC "-//W3C//DTD XHTML 1.0 Transitional//EN"
    "http://www.w3.org/TR/xhtml1/DTD/xhtml1-transitional.dtd">
<html xmlns="http://www.w3.org/1999/xhtml" xml:lang="en" lang="en">
 <head>
  <title>
</title>
<meta http-equiv="Content-Type" content="text/html;charset=utf-8" />
  <meta name='ocr-system' content='tesseract 3.04.00' />
  <meta name='ocr-capabilities' content='ocr_page ocr_carea ocr_par ocr_line ocrx_word'/>
</head>
<body>
  <div class='ocr_page' id='page_1' title='image "./laurentiimedici00fabrgoog_0185.png"; bbox 0 0 4474 5858; ppageno 0'>
   <div class='ocr_carea' id='block_1_1' title="bbox 659 459 1763 585">
    <p class='ocr_par' dir='ltr' id='par_1_1' title="bbox 659 459 1763 585">
     <span class='ocr_line' id='line_1_1' title="bbox 659 459 1763 585; baseline 0.002 -23"><span class='ocrx_word' id='word_1_1' title='bbox 659 501 739 585; x_wconf 83' lang='lat'>¹72</span> <span class='ocrx_word' id='word_1_2' title='bbox 859 459 1763 574; x_wconf 32' lang='lat' dir='ltr'>Lauren-rrrbvlnorors</span> 
     </span>
    </p>
   </div>
   <div class='ocr_carea' id='block_1_2' title="bbox 523 679 1953 4511">
    <p class='ocr_par' dir='ltr' id='par_1_2' title="bbox 523 679 1953 4511">
     <span class='ocr_line' id='line_1_2' title="bbox 597 679 1935 809; baseline -0.003 -28"><span class='ocrx_word' id='word_1_3' title='bbox 597 717 738 782; x_wconf 88' lang='lat' dir='ltr'>ratum</span> <span class='ocrx_word' id='word_1_4' title='bbox 768 686 888 780; x_wconf 84' lang='lat' dir='ltr'>luille</span> <span class='ocrx_word' id='word_1_5' title='bbox 917 685 1169 780; x_wconf 82' lang='lat' dir='ltr'>ostendunt.</span> <span class='ocrx_word' id='word_1_6' title='bbox 1201 688 1258 780; x_wconf 86' lang='lat' dir='ltr'>Et</span> <span class='ocrx_word' id='word_1_7' title='bbox 1279 687 1468 809; x_wconf 71' lang='lat' dir='ltr'>profetlo</span> <span class='ocrx_word' id='word_1_8' title='bbox 1494 683 1568 781; x_wconf 77' lang='lat' dir='ltr'>&#39;nisi</span> <span class='ocrx_word' id='word_1_9' title='bbox 1596 691 1669 784; x_wconf 91' lang='lat' dir='ltr'>ille</span> <span class='ocrx_word' id='word_1_10' title='bbox 1687 679 1833 796; x_wconf 86' lang='lat' dir='ltr'>tenui,</span> <span class='ocrx_word' id='word_1_11' title='bbox 1859 709 1935 777; x_wconf 85' lang='lat' dir='ltr'>aut</span> 
     </span>
     <span class='ocr_line' id='line_1_3' title="bbox 595 830 1934 954; baseline -0.002 -33"><span class='ocrx_word' id='word_1_12' title='bbox 595 839 742 954; x_wconf 85' lang='lat' dir='ltr'>potius</span> <span class='ocrx_word' id='word_1_13' title='bbox 783 833 901 923; x_wconf 91' lang='lat' dir='ltr'>nulla</span> <span class='ocrx_word' id='word_1_14' title='bbox 938 833 1179 922; x_wconf 87' lang='lat' dir='ltr'>valetudine</span> <span class='ocrx_word' id='word_1_15' title='bbox 1220 830 1395 946; x_wconf 77' lang='lat' dir='ltr'>fuillet,</span> <span class='ocrx_word' id='word_1_16' title='bbox 1434 841 1475 924; x_wconf 88' lang='lat'>&amp;</span> <span class='ocrx_word' id='word_1_17' title='bbox 1513 833 1542 923; x_wconf 88' lang='lat' dir='ltr'><strong>fi</strong></span> <span class='ocrx_word' id='word_1_18' title='bbox 1579 836 1716 926; x_wconf 87' lang='lat' dir='ltr'>vitam</span> <span class='ocrx_word' id='word_1_19' title='bbox 1762 831 1934 948; x_wconf 84' lang='lat' dir='ltr'>longius&#39;</span> 
     </span>
     <span class='ocr_line' id='line_1_4' title="bbox 595 973 1936 1096; baseline -0.001 -33"><span class='ocrx_word' id='word_1_20' title='bbox 595 975 878 1096; x_wconf 85' lang='lat' dir='ltr'>produxill‘et,</span> <span class='ocrx_word' id='word_1_21' title='bbox 910 974 1109 1066; x_wconf 85' lang='lat' dir='ltr'>extitillet</span> <span class='ocrx_word' id='word_1_22' title='bbox 1139 977 1325 1068; x_wconf 87' lang='lat' dir='ltr'>civitatis</span> <span class='ocrx_word' id='word_1_23' title='bbox 1355 981 1395 1066; x_wconf 74' lang='grc' dir='ltr'>δι</span> <span class='ocrx_word' id='word_1_24' title='bbox 1422 973 1608 1067; x_wconf 89' lang='lat' dir='ltr'>familiae</span> <span class='ocrx_word' id='word_1_25' title='bbox 1631 980 1801 1068; x_wconf 89' lang='lat' dir='ltr'>lumen.</span> <span class='ocrx_word' id='word_1_26' title='bbox 1832 973 1936 1062; x_wconf 86' lang='lat' dir='ltr'>Erat</span> 
     </span>
     <span class='ocr_line' id='line_1_5' title="bbox 597 1118 1932 1230; baseline -0.001 -25"><span class='ocrx_word' id='word_1_27' title='bbox 597 1124 637 1205; x_wconf 86' lang='lat'>&amp;</span> <span class='ocrx_word' id='word_1_28' title='bbox 672 1119 808 1223; x_wconf 67' lang='lat' dir='ltr'>Julius</span> <span class='ocrx_word' id='word_1_29' title='bbox 836 1123 881 1208; x_wconf 93' lang='lat' dir='ltr'>in</span> <span class='ocrx_word' id='word_1_30' title='bbox 912 1120 1046 1208; x_wconf 88' lang='lat' dir='ltr'>domo</span> <span class='ocrx_word' id='word_1_31' title='bbox 1079 1119 1297 1210; x_wconf 89' lang='lat' dir='ltr'>Laurentii</span> <span class='ocrx_word' id='word_1_32' title='bbox 1330 1152 1379 1208; x_wconf 86' lang='lat' dir='ltr'>ex</span> <span class='ocrx_word' id='word_1_33' title='bbox 1410 1119 1582 1230; x_wconf 88' lang='lat' dir='ltr'>Juliano</span> <span class='ocrx_word' id='word_1_34' title='bbox 1611 1118 1739 1210; x_wconf 86' lang='lat' dir='ltr'>fratre</span> <span class='ocrx_word' id='word_1_35' title='bbox 1761 1125 1801 1208; x_wconf 74' lang='grc' dir='ltr'>δι</span> <span class='ocrx_word' id='word_1_36' title='bbox 1829 1147 1932 1207; x_wconf 90' lang='lat' dir='ltr'>con·</span> 
     </span>
     <span class='ocr_line' id='line_1_6' title="bbox 598 1257 1934 1380; baseline 0.001 -31"><span class='ocrx_word' id='word_1_37' title='bbox 598 1265 756 1350; x_wconf 84' lang='lat' dir='ltr'>culina</span> <span class='ocrx_word' id='word_1_38' title='bbox 796 1289 918 1352; x_wconf 90' lang='lat' dir='ltr'>natus</span> <span class='ocrx_word' id='word_1_39' title='bbox 960 1257 1134 1374; x_wconf 43' lang='lat'>(¹181),</span> <span class='ocrx_word' id='word_1_40' title='bbox 1172 1265 1317 1380; x_wconf 93' lang='lat' dir='ltr'>paullo</span> <span class='ocrx_word' id='word_1_41' title='bbox 1346 1290 1568 1380; x_wconf 84' lang='lat' dir='ltr'>antequam</span> <span class='ocrx_word' id='word_1_42' title='bbox 1600 1267 1635 1352; x_wconf 89' lang='lat' dir='ltr'>is</span> <span class='ocrx_word' id='word_1_43' title='bbox 1666 1268 1712 1352; x_wconf 95' lang='lat' dir='ltr'>in</span> <span class='ocrx_word' id='word_1_44' title='bbox 1744 1265 1934 1351; x_wconf 72' lang='lat' dir='ltr'>Palliana</span> 
     </span>
     <span class='ocr_line' id='line_1_7' title="bbox 600 1405 1936 1523; baseline 0.001 -31"><span class='ocrx_word' id='word_1_45' title='bbox 600 1405 903 1516; x_wconf 86' lang='lat' dir='ltr'>conjuratione</span> <span class='ocrx_word' id='word_1_46' title='bbox 929 1405 1234 1496; x_wconf 87' lang='lat' dir='ltr'>trucidaretur.</span> <span class='ocrx_word' id='word_1_47' title='bbox 1269 1407 1432 1498; x_wconf 87' lang='lat' dir='ltr'>Eduxit</span> <span class='ocrx_word' id='word_1_48' title='bbox 1460 1405 1585 1496; x_wconf 90' lang='lat' dir='ltr'>illum</span> <span class='ocrx_word' id='word_1_49' title='bbox 1613 1435 1636 1495; x_wconf 86' lang='lat' dir='ltr'>a</span> <span class='ocrx_word' id='word_1_50' title='bbox 1660 1407 1841 1523; x_wconf 87' lang='lat' dir='ltr'>parvulo</span> <span class='ocrx_word' id='word_1_51' title='bbox 1864 1433 1936 1523; x_wconf 84' lang='lat' dir='ltr'>pa-</span> 
     </span>
     <span class='ocr_line' id='line_1_8' title="bbox 523 1533 1935 1668; baseline -0.003 -30"><span class='ocrx_word' id='word_1_52' title='bbox 523 1579 524 1582; x_wconf 59' lang='lat'>‘</span> <span class='ocrx_word' id='word_1_53' title='bbox 599 1569 750 1656; x_wconf 83' lang='lat' dir='ltr'>trous,</span> <span class='ocrx_word' id='word_1_54' title='bbox 769 1545 943 1656; x_wconf 86' lang='lat' dir='ltr'>habuit,</span> <span class='ocrx_word' id='word_1_55' title='bbox 963 1551 1123 1638; x_wconf 88' lang='lat' dir='ltr'>amavit</span> <span class='ocrx_word' id='word_1_56' title='bbox 1152 1577 1228 1666; x_wconf 89' lang='lat' dir='ltr'>pro</span> <span class='ocrx_word' id='word_1_57' title='bbox 1259 1546 1364 1656; x_wconf 89' lang='lat' dir='ltr'>suo,</span> <span class='ocrx_word' id='word_1_58' title='bbox 1387 1548 1503 1639; x_wconf 89' lang='lat' dir='ltr'>haud</span> <span class='ocrx_word' id='word_1_59' title='bbox 1530 1533 1775 1668; x_wconf 88' lang='lat' dir='ltr'>praevidens</span> <span class='ocrx_word' id='word_1_60' title='bbox 1805 1547 1935 1664; x_wconf 83' lang='lat' dir='ltr'>quan-</span> 
     </span>
     <span class='ocr_line' id='line_1_9' title="bbox 600 1687 1935 1811; baseline -0.001 -33"><span class='ocrx_word' id='word_1_61' title='bbox 600 1712 697 1778; x_wconf 90' lang='lat' dir='ltr'>tum</span> <span class='ocrx_word' id='word_1_62' title='bbox 737 1689 824 1800; x_wconf 85' lang='lat' dir='ltr'>ejus</span> <span class='ocrx_word' id='word_1_63' title='bbox 869 1693 1049 1780; x_wconf 90' lang='lat' dir='ltr'>ambitio</span> <span class='ocrx_word' id='word_1_64' title='bbox 1094 1713 1218 1808; x_wconf 86' lang='lat' dir='ltr'>atque</span> <span class='ocrx_word' id='word_1_65' title='bbox 1258 1693 1498 1811; x_wconf 82' lang='lat' dir='ltr'>amplitudo</span> <span class='ocrx_word' id='word_1_66' title='bbox 1528 1691 1674 1782; x_wconf 89' lang='lat' dir='ltr'>futura</span> <span class='ocrx_word' id='word_1_67' title='bbox 1703 1689 1843 1782; x_wconf 84' lang='lat' dir='ltr'>suillet</span> <span class='ocrx_word' id='word_1_68' title='bbox 1875 1687 1935 1777; x_wconf 84' lang='lat' dir='ltr'>sa-</span> 
     </span>
     <span class='ocr_line' id='line_1_10' title="bbox 603 1829 1935 1952; baseline 0.002 -34"><span class='ocrx_word' id='word_1_69' title='bbox 603 1831 701 1920; x_wconf 87' lang='lat' dir='ltr'>talis</span> <span class='ocrx_word' id='word_1_70' title='bbox 744 1833 797 1920; x_wconf 90' lang='lat' dir='ltr'>ad</span> <span class='ocrx_word' id='word_1_71' title='bbox 830 1837 1106 1952; x_wconf 85' lang='lat' dir='ltr'>Reipublicae</span> <span class='ocrx_word' id='word_1_72' title='bbox 1139 1835 1407 1926; x_wconf 88' lang='lat' dir='ltr'>Florentinae</span> <span class='ocrx_word' id='word_1_73' title='bbox 1438 1836 1676 1926; x_wconf 88' lang='lat' dir='ltr'>libertatem</span> <span class='ocrx_word' id='word_1_74' title='bbox 1713 1859 1838 1950; x_wconf 88' lang='lat' dir='ltr'>atque</span> <span class='ocrx_word' id='word_1_75' title='bbox 1876 1829 1935 1920; x_wconf 88' lang='lat' dir='ltr'>sa·</span> 
     </span>
     <span class='ocr_line' id='line_1_11' title="bbox 597 1973 1938 2096; baseline 0.003 -32"><span class='ocrx_word' id='word_1_76' title='bbox 597 1976 764 2064; x_wconf 88' lang='lat' dir='ltr'>lutem.</span> <span class='ocrx_word' id='word_1_77' title='bbox 795 1977 878 2068; x_wconf 86' lang='lat' dir='ltr'>Sed</span> <span class='ocrx_word' id='word_1_78' title='bbox 906 1975 1031 2096; x_wconf 81' lang='lat' dir='ltr'>ipsius</span> <span class='ocrx_word' id='word_1_79' title='bbox 1063 1979 1280 2068; x_wconf 86' lang='lat' dir='ltr'>Laurentii</span> <span class='ocrx_word' id='word_1_80' title='bbox 1317 1975 1533 2094; x_wconf 80' lang='lat' dir='ltr'>splendor,</span> <span class='ocrx_word' id='word_1_81' title='bbox 1563 1985 1603 2066; x_wconf 75' lang='lat' dir='ltr'>bt</span> <span class='ocrx_word' id='word_1_82' title='bbox 1634 1973 1793 2084; x_wconf 82' lang='lat' dir='ltr'>studia,</span> <span class='ocrx_word' id='word_1_83' title='bbox 1832 2004 1938 2095; x_wconf 84' lang='lat' dir='ltr'>quae</span> 
     </span>
     <span class='ocr_line' id='line_1_12' title="bbox 596 2103 1936 2240; baseline 0.002 -36"><span class='ocrx_word' id='word_1_84' title='bbox 596 2117 848 2224; x_wconf 85' lang='lat' dir='ltr'>adhibebat,</span> <span class='ocrx_word' id='word_1_85' title='bbox 886 2149 936 2212; x_wconf 87' lang='lat' dir='ltr'>ut</span> <span class='ocrx_word' id='word_1_86' title='bbox 972 2121 1036 2213; x_wconf 86' lang='lat' dir='ltr'>sui</span> <span class='ocrx_word' id='word_1_87' title='bbox 1076 2127 1242 2214; x_wconf 89' lang='lat' dir='ltr'>Romae</span> <span class='ocrx_word' id='word_1_88' title='bbox 1286 2145 1480 2240; x_wconf 88' lang='lat' dir='ltr'>potentes</span> <span class='ocrx_word' id='word_1_89' title='bbox 1527 2114 1655 2210; x_wconf 84' lang='lat' dir='ltr'>effent</span> <span class='ocrx_word' id='word_1_90' title='bbox 1672 2103 1693 2226; x_wconf 50' lang='lat'>,&#39;</span> <span class='ocrx_word' id='word_1_91' title='bbox 1728 2121 1936 2209; x_wconf 85' lang='lat' dir='ltr'>Mediceis</span> 
     </span>
     <span class='ocr_line' id='line_1_13' title="bbox 597 2257 1938 2383; baseline 0.004 -40"><span class='ocrx_word' id='word_1_92' title='bbox 597 2261 826 2372; x_wconf 85' lang='lat' dir='ltr'>appetendi</span> <span class='ocrx_word' id='word_1_93' title='bbox 856 2265 974 2379; x_wconf 89' lang='lat' dir='ltr'>regni</span> <span class='ocrx_word' id='word_1_94' title='bbox 1006 2266 1123 2352; x_wconf 86' lang='lat' dir='ltr'>viam</span> <span class='ocrx_word' id='word_1_95' title='bbox 1156 2265 1432 2372; x_wconf 88' lang='lat' dir='ltr'>muniebant;</span> <span class='ocrx_word' id='word_1_96' title='bbox 1450 2262 1689 2383; x_wconf 87' lang='lat' dir='ltr'>praesertim</span> <span class='ocrx_word' id='word_1_97' title='bbox 1708 2271 1808 2354; x_wconf 87' lang='lat' dir='ltr'>c&#39;urn</span> <span class='ocrx_word' id='word_1_98' title='bbox 1837 2257 1938 2350; x_wconf 87' lang='lat' dir='ltr'>Res·</span> 
     </span>
     <span class='ocr_line' id='line_1_14' title="bbox 597 2393 1943 2518; baseline 0.005 -32"><span class='ocrx_word' id='word_1_99' title='bbox 597 2400 769 2518; x_wconf 89' lang='lat' dir='ltr'>publica</span> <span class='ocrx_word' id='word_1_100' title='bbox 817 2405 862 2490; x_wconf 93' lang='lat' dir='ltr'>in</span> <span class='ocrx_word' id='word_1_101' title='bbox 900 2396 1001 2492; x_wconf 85' lang='lat' dir='ltr'>eum</span> <span class='ocrx_word' id='word_1_102' title='bbox 1036 2403 1181 2492; x_wconf 91' lang='lat' dir='ltr'>locum</span> <span class='ocrx_word' id='word_1_103' title='bbox 1201 2409 1372 2496; x_wconf 88' lang='lat' dir='ltr'>civium</span> <span class='ocrx_word' id='word_1_104' title='bbox 1408 2411 1579 2498; x_wconf 90' lang='lat' dir='ltr'>licentia</span> <span class='ocrx_word' id='word_1_105' title='bbox 1608 2408 1785 2498; x_wconf 73' lang='lat' dir='ltr'>addutla</span> <span class='ocrx_word' id='word_1_106' title='bbox 1811 2393 1943 2510; x_wconf 64' lang='lat' dir='ltr'>ellet,</span> 
     </span>
     <span class='ocr_line' id='line_1_15' title="bbox 599 2537 1945 2668; baseline 0.004 -40"><span class='ocrx_word' id='word_1_107' title='bbox 599 2567 652 2658; x_wconf 73' lang='lat' dir='ltr'>nt</span> <span class='ocrx_word' id='word_1_108' title='bbox 683 2538 897 2655; x_wconf 88' lang='lat' dir='ltr'>pristinam</span> <span class='ocrx_word' id='word_1_109' title='bbox 926 2545 1162 2634; x_wconf 85' lang='lat' dir='ltr'>libertatem</span> <span class='ocrx_word' id='word_1_110' title='bbox 1195 2551 1372 2641; x_wconf 89' lang='lat' dir='ltr'>retinere</span> <span class='ocrx_word' id='word_1_111' title='bbox 1402 2551 1581 2667; x_wconf 90' lang='lat' dir='ltr'>amplius</span> <span class='ocrx_word' id='word_1_112' title='bbox 1613 2583 1700 2642; x_wconf 89' lang='lat' dir='ltr'>non</span> <span class='ocrx_word' id='word_1_113' title='bbox 1731 2545 1842 2668; x_wconf 81' lang='lat' dir='ltr'>polle</span> <span class='ocrx_word' id='word_1_114' title='bbox 1873 2537 1945 2634; x_wconf 54' lang='lat' dir='ltr'>vi?</span> 
     </span>
     <span class='ocr_line' id='line_1_16' title="bbox 598 2679 1939 2810; baseline 0.005 -43"><span class='ocrx_word' id='word_1_115' title='bbox 598 2679 791 2772; x_wconf 89' lang='lat' dir='ltr'>deretur.</span> <span class='ocrx_word' id='word_1_116' title='bbox 808 2687 1054 2776; x_wconf 36' lang='lat' dir='ltr'>,Amicitiae</span> <span class='ocrx_word' id='word_1_117' title='bbox 1085 2687 1364 2806; x_wconf 87' lang='lat' dir='ltr'>Principum,</span> <span class='ocrx_word' id='word_1_118' title='bbox 1393 2719 1501 2807; x_wconf 88' lang='lat' dir='ltr'>quae</span> <span class='ocrx_word' id='word_1_119' title='bbox 1534 2689 1703 2810; x_wconf 85' lang='lat' dir='ltr'>abipso</span> <span class='ocrx_word' id='word_1_120' title='bbox 1732 2681 1939 2778; x_wconf 82' lang='lat' dir='ltr'>lludiofis·</span> 
     </span>
     <span class='ocr_line' id='line_1_17' title="bbox 599 2820 1932 2946; baseline 0.004 -33"><span class='ocrx_word' id='word_1_121' title='bbox 599 2820 704 2914; x_wconf 84' lang='lat' dir='ltr'>sune</span> <span class='ocrx_word' id='word_1_122' title='bbox 748 2832 1137 2946; x_wconf 88' lang='lat' dir='ltr'>comparabantur,</span> <span class='ocrx_word' id='word_1_123' title='bbox 1170 2857 1220 2922; x_wconf 93' lang='lat' dir='ltr'>ut</span> <span class='ocrx_word' id='word_1_124' title='bbox 1252 2861 1486 2921; x_wconf 88' lang='lat' dir='ltr'>commune</span> <span class='ocrx_word' id='word_1_125' title='bbox 1518 2833 1802 2922; x_wconf 90' lang='lat' dir='ltr'>commodum</span> <span class='ocrx_word' id='word_1_126' title='bbox 1836 2858 1932 2918; x_wconf 85' lang='lat' dir='ltr'>mu-</span> 
     </span>
     <span class='ocr_line' id='line_1_18' title="bbox 602 2967 1938 3090; baseline 0.005 -36"><span class='ocrx_word' id='word_1_127' title='bbox 602 2969 686 3054; x_wconf 88' lang='lat' dir='ltr'>tuis</span> <span class='ocrx_word' id='word_1_128' title='bbox 711 2967 862 3057; x_wconf 87' lang='lat' dir='ltr'>offieiis</span> <span class='ocrx_word' id='word_1_129' title='bbox 893 2973 1216 3089; x_wconf 83' lang='lat' dir='ltr'>gubernaretur,</span> <span class='ocrx_word' id='word_1_130' title='bbox 1252 3005 1387 3063; x_wconf 89' lang='lat' dir='ltr'>novae</span> <span class='ocrx_word' id='word_1_131' title='bbox 1413 2971 1663 3082; x_wconf 84' lang='lat' dir='ltr'>affinitates,</span> <span class='ocrx_word' id='word_1_132' title='bbox 1682 2975 1834 3090; x_wconf 85' lang='lat' dir='ltr'>quibus</span> <span class='ocrx_word' id='word_1_133' title='bbox 1865 3001 1938 3062; x_wconf 87' lang='lat' dir='ltr'>ex·</span> 
     </span>
     <span class='ocr_line' id='line_1_19' title="bbox 601 3110 1934 3233; baseline 0.004 -35"><span class='ocrx_word' id='word_1_134' title='bbox 601 3131 742 3200; x_wconf 85' lang='lat' dir='ltr'>ternas</span> <span class='ocrx_word' id='word_1_135' title='bbox 770 3141 820 3199; x_wconf 86' lang='lat' dir='ltr'>ac</span> <span class='ocrx_word' id='word_1_136' title='bbox 849 3141 1039 3232; x_wconf 85' lang='lat' dir='ltr'>potentes</span> <span class='ocrx_word' id='word_1_137' title='bbox 1077 3115 1256 3206; x_wconf 87' lang='lat' dir='ltr'>familias</span> <span class='ocrx_word' id='word_1_138' title='bbox 1288 3113 1368 3202; x_wconf 86' lang='lat' dir='ltr'>fibi</span> <span class='ocrx_word' id='word_1_139' title='bbox 1408 3110 1570 3230; x_wconf 88' lang='lat' dir='ltr'>suisque</span> <span class='ocrx_word' id='word_1_140' title='bbox 1605 3118 1652 3204; x_wconf 93' lang='lat' dir='ltr'>in</span> <span class='ocrx_word' id='word_1_141' title='bbox 1682 3139 1934 3233; x_wconf 88' lang='lat' dir='ltr'>perpetuum</span> 
     </span>
     <span class='ocr_line' id='line_1_20' title="bbox 599 3249 1953 3374; baseline 0.005 -35"><span class='ocrx_word' id='word_1_142' title='bbox 599 3249 816 3354; x_wconf 81' lang='lat' dir='ltr'>devincire</span> <span class='ocrx_word' id='word_1_143' title='bbox 845 3259 1062 3373; x_wconf 84' lang='lat' dir='ltr'>cupiebat,</span> <span class='ocrx_word' id='word_1_144' title='bbox 1092 3255 1273 3346; x_wconf 88' lang='lat' dir='ltr'>caull&#39;am</span> <span class='ocrx_word' id='word_1_145' title='bbox 1289 3255 1553 3371; x_wconf 84' lang='lat' dir='ltr'>querelarum</span> <span class='ocrx_word' id='word_1_146' title='bbox 1578 3264 1618 3346; x_wconf 88' lang='lat'>&amp;</span> <span class='ocrx_word' id='word_1_147' title='bbox 1648 3253 1953 3374; x_wconf 78' lang='lat' dir='ltr'>suspicionum</span> 
     </span>
     <span class='ocr_line' id='line_1_21' title="bbox 601 3391 1930 3512; baseline 0.007 -33"><span class='ocrx_word' id='word_1_148' title='bbox 601 3391 760 3512; x_wconf 80' lang='lat' dir='ltr'>inuidis</span> <span class='ocrx_word' id='word_1_149' title='bbox 798 3396 974 3510; x_wconf 83' lang='lat' dir='ltr'>dabant.</span> <span class='ocrx_word' id='word_1_150' title='bbox 1009 3401 1104 3508; x_wconf 85' lang='lat' dir='ltr'>Jam</span> <span class='ocrx_word' id='word_1_151' title='bbox 1140 3399 1248 3488; x_wconf 91' lang='lat' dir='ltr'>nihil</span> <span class='ocrx_word' id='word_1_152' title='bbox 1268 3423 1372 3486; x_wconf 84' lang='lat' dir='ltr'>tam</span> <span class='ocrx_word' id='word_1_153' title='bbox 1403 3395 1616 3486; x_wconf 85' lang='lat' dir='ltr'>excelsum</span> <span class='ocrx_word' id='word_1_154' title='bbox 1649 3397 1728 3492; x_wconf 82' lang='lat' dir='ltr'>ell&#39;e</span> <span class='ocrx_word' id='word_1_155' title='bbox 1764 3402 1930 3490; x_wconf 81' lang='lat' dir='ltr'>videba-</span> 
     </span>
     <span class='ocr_line' id='line_1_22' title="bbox 601 3535 1938 3652; baseline 0.004 -27"><span class='ocrx_word' id='word_1_156' title='bbox 601 3553 695 3642; x_wconf 86' lang='lat' dir='ltr'>tur,</span> <span class='ocrx_word' id='word_1_157' title='bbox 719 3535 834 3652; x_wconf 92' lang='lat' dir='ltr'>quod</span> <span class='ocrx_word' id='word_1_158' title='bbox 853 3569 941 3630; x_wconf 93' lang='lat' dir='ltr'>non</span> <span class='ocrx_word' id='word_1_159' title='bbox 965 3546 1100 3632; x_wconf 84' lang='lat' dir='ltr'>virtus</span> <span class='ocrx_word' id='word_1_160' title='bbox 1128 3551 1167 3632; x_wconf 72' lang='grc' dir='ltr'>ἃ</span> <span class='ocrx_word' id='word_1_161' title='bbox 1196 3536 1368 3631; x_wconf 87' lang='lat' dir='ltr'>fortuna</span> <span class='ocrx_word' id='word_1_162' title='bbox 1399 3539 1512 3626; x_wconf 87' lang='lat' dir='ltr'>illius</span> <span class='ocrx_word' id='word_1_163' title='bbox 1543 3542 1698 3627; x_wconf 87' lang='lat' dir='ltr'>eximia</span> <span class='ocrx_word' id='word_1_164' title='bbox 1730 3571 1818 3630; x_wconf 92' lang='lat' dir='ltr'>non</span> <span class='ocrx_word' id='word_1_165' title='bbox 1850 3572 1938 3630; x_wconf 87' lang='lat' dir='ltr'>me·</span> 
     </span>
     <span class='ocr_line' id='line_1_23' title="bbox 602 3677 1936 3790; baseline 0.009 -30"><span class='ocrx_word' id='word_1_166' title='bbox 602 3695 790 3778; x_wconf 85' lang='lat' dir='ltr'>teretur;</span> <span class='ocrx_word' id='word_1_167' title='bbox 820 3707 945 3790; x_wconf 84' lang='lat' dir='ltr'>quare</span> <span class='ocrx_word' id='word_1_168' title='bbox 976 3685 1157 3770; x_wconf 88' lang='lat' dir='ltr'>minime</span> <span class='ocrx_word' id='word_1_169' title='bbox 1187 3678 1241 3772; x_wconf 82' lang='lat' dir='ltr'>est</span> <span class='ocrx_word' id='word_1_170' title='bbox 1273 3677 1591 3788; x_wconf 84' lang='lat' dir='ltr'>mirandum,sr</span> <span class='ocrx_word' id='word_1_171' title='bbox 1621 3701 1722 3769; x_wconf 86' lang='lat' dir='ltr'>curn</span> <span class='ocrx_word' id='word_1_172' title='bbox 1754 3699 1936 3772; x_wconf 86' lang='lat' dir='ltr'>uxorem</span> 
     </span>
     <span class='ocr_line' id='line_1_24' title="bbox 604 3809 1932 3942; baseline 0.01 -42"><span class='ocrx_word' id='word_1_173' title='bbox 604 3809 691 3930; x_wconf 83' lang='lat' dir='ltr'>ipse</span> <span class='ocrx_word' id='word_1_174' title='bbox 719 3813 772 3902; x_wconf 93' lang='lat' dir='ltr'>ab</span> <span class='ocrx_word' id='word_1_175' title='bbox 801 3815 980 3908; x_wconf 86' lang='lat' dir='ltr'>Urliniis</span> <span class='ocrx_word' id='word_1_176' title='bbox 1014 3853 1131 3942; x_wconf 76' lang='lat' dir='ltr'>aegre</span> <span class='ocrx_word' id='word_1_177' title='bbox 1163 3819 1406 3914; x_wconf 84' lang='lat' dir='ltr'>obtinuillet</span> <span class='ocrx_word' id='word_1_178' title='bbox 1447 3821 1719 3930; x_wconf 88' lang='lat' dir='ltr'>indotatam,</span> <span class='ocrx_word' id='word_1_179' title='bbox 1749 3819 1819 3913; x_wconf 86' lang='lat' dir='ltr'>seu</span> <span class='ocrx_word' id='word_1_180' title='bbox 1860 3851 1932 3913; x_wconf 80' lang='lat' dir='ltr'>ve·</span> 
     </span>
     <span class='ocr_line' id='line_1_25' title="bbox 603 3957 1937 4076; baseline 0.007 -31"><span class='ocrx_word' id='word_1_181' title='bbox 603 3957 692 4045; x_wconf 85' lang='lat' dir='ltr'>rius</span> <span class='ocrx_word' id='word_1_182' title='bbox 722 3981 911 4076; x_wconf 89' lang='lat' dir='ltr'>emptam</span> <span class='ocrx_word' id='word_1_183' title='bbox 955 3960 1094 4074; x_wconf 84' lang='lat' dir='ltr'>(nam</span> <span class='ocrx_word' id='word_1_184' title='bbox 1126 3997 1179 4053; x_wconf 91' lang='lat' dir='ltr'>eo</span> <span class='ocrx_word' id='word_1_185' title='bbox 1209 3968 1384 4056; x_wconf 88' lang='lat' dir='ltr'>nomine</span> <span class='ocrx_word' id='word_1_186' title='bbox 1419 3993 1484 4055; x_wconf 85' lang='lat' dir='ltr'>aes</span> <span class='ocrx_word' id='word_1_187' title='bbox 1514 3960 1701 4054; x_wconf 81' lang='lat' dir='ltr'>alienum</span> <span class='ocrx_word' id='word_1_188' title='bbox 1741 3961 1937 4054; x_wconf 87' lang='lat' dir='ltr'>Ursrnlo·</span> 
     </span>
     <span class='ocr_line' id='line_1_26' title="bbox 604 4096 1944 4221; baseline 0.002 -31"><span class='ocrx_word' id='word_1_189' title='bbox 604 4121 716 4192; x_wconf 80' lang='lat' dir='ltr'>rum·</span> <span class='ocrx_word' id='word_1_190' title='bbox 736 4096 806 4190; x_wconf 79' lang='lat' dir='ltr'>sua</span> <span class='ocrx_word' id='word_1_191' title='bbox 845 4109 1027 4219; x_wconf 88' lang='lat' dir='ltr'>pecunia</span> <span class='ocrx_word' id='word_1_192' title='bbox 1057 4107 1279 4221; x_wconf 84' lang='lat' dir='ltr'>dill&#39;olvit)</span> <span class='ocrx_word' id='word_1_193' title='bbox 1312 4103 1584 4195; x_wconf 83' lang='lat' dir='ltr'>All&#39;onfinarn</span> <span class='ocrx_word' id='word_1_194' title='bbox 1616 4135 1668 4195; x_wconf 85' lang='lat' dir='ltr'>ex</span> <span class='ocrx_word' id='word_1_195' title='bbox 1703 4105 1848 4196; x_wconf 84' lang='lat' dir='ltr'>eadem</span> <span class='ocrx_word' id='word_1_196' title='bbox 1880 4103 1944 4194; x_wconf 83' lang='lat' dir='ltr'>fa-</span> 
     </span>
     <span class='ocr_line' id='line_1_27' title="bbox 603 4243 1942 4372; baseline 0.007 -44"><span class='ocrx_word' id='word_1_197' title='bbox 603 4243 724 4353; x_wconf 83' lang='lat' dir='ltr'>milia</span> <span class='ocrx_word' id='word_1_198' title='bbox 762 4273 862 4335; x_wconf 88' lang='lat' dir='ltr'>cum</span> <span class='ocrx_word' id='word_1_199' title='bbox 895 4277 1049 4372; x_wconf 81' lang='lat' dir='ltr'>magna</span> <span class='ocrx_word' id='word_1_200' title='bbox 1084 4251 1186 4340; x_wconf 83' lang='lat' dir='ltr'>dote</span> <span class='ocrx_word' id='word_1_201' title='bbox 1224 4247 1350 4337; x_wconf 87' lang='lat' dir='ltr'>Petro</span> <span class='ocrx_word' id='word_1_202' title='bbox 1378 4246 1472 4338; x_wconf 87' lang='lat' dir='ltr'>filio</span> <span class='ocrx_word' id='word_1_203' title='bbox 1510 4248 1776 4362; x_wconf 81' lang='lat' dir='ltr'>adjunxerit.</span> <span class='ocrx_word' id='word_1_204' title='bbox 1809 4246 1942 4337; x_wconf 87' lang='lat' dir='ltr'>Nihil</span> 
     </span>
     <span class='ocr_line' id='line_1_28' title="bbox 607 4381 1943 4511; baseline 0.007 -39"><span class='ocrx_word' id='word_1_205' title='bbox 607 4381 950 4504; x_wconf 84' lang='lat' dir='ltr'>magnificentius</span> <span class='ocrx_word' id='word_1_206' title='bbox 984 4387 1071 4488; x_wconf 79' lang='lat' dir='ltr'>fult</span> <span class='ocrx_word' id='word_1_207' title='bbox 1106 4391 1175 4482; x_wconf 87' lang='lat' dir='ltr'>bis</span> <span class='ocrx_word' id='word_1_208' title='bbox 1214 4394 1406 4508; x_wconf 83' lang='lat' dir='ltr'>nuptiis,</span> <span class='ocrx_word' id='word_1_209' title='bbox 1447 4421 1551 4511; x_wconf 89' lang='lat' dir='ltr'>quae</span> <span class='ocrx_word' id='word_1_210' title='bbox 1591 4387 1746 4490; x_wconf 78' lang='lat' dir='ltr'>mense</span> <span class='ocrx_word' id='word_1_211' title='bbox 1775 4389 1943 4482; x_wconf 85' lang='lat' dir='ltr'>Martio</span> 
     </span>
    </p>
   </div>
   <div class='ocr_carea' id='block_1_3' title="bbox 0 0 2257 5858">
    <p class='ocr_par' dir='ltr' id='par_1_3' title="bbox 0 0 2257 5858">
     <span class='ocr_line' id='line_1_29' title="bbox 0 0 2257 5858; baseline 0 0"><span class='ocrx_word' id='word_1_212' title='bbox 0 0 2257 5858; x_wconf 95' lang='lat' dir='ltr'> </span> 
     </span>
    </p>
   </div>
  </div>
 </body>
</html>
