4474 5858
618 478 721 578 aba.
825 462 1729 565 Lanatuartlllenrers

553 693 599 774 ot
644 687 1027 779 Mediolanenfibns
1047 684 1263 778 ¹adversus
1303 667 1585 791 Pontificem,
1614 692 1655 774 &
1685 677 1895 796 Neapoli-

557 853 756 918 tanorum
788 833 951 948 Regem
994 825 1234 947 gerebatur.
1262 829 1359 918 Suis
1401 831 1530 918 etiam
1573 823 1894 915 liberalitatibus

558 999 633 1058 eos
663 970 794 1064 duces
822 970 1003 1086 cupidos
1033 949 1242 1078 bellandi,
1268 977 1438 1089 quoties
1461 1001 1568 1091 opus
1600 994 1688 1059 erat
1707 1033 1719 1074 ,
1737 961 1893 1054 efficie-

559 1111 642 1200 bat·
662 1113 941 1203 Laurentius:
975 1111 1038 1202 sui
1079 1117 1196 1203 enim
1225 1111 1360 1202 officii
1395 1110 1474 1204 else
1515 1111 1690 1230 patabat
1718 1101 1895 1196 benefi-

561 1255 627 1342 cia
668 1257 854 1372 apamia
883 1233 1056 1373 accepta
1084 1259 1240 1372 patriae
1283 1255 1485 1346 reddere.
1526 1239 1614 1344 Sed
1655 1251 1740 1370 ipse
1771 1277 1896 1339 reno·

558 1422 665 1484 vans
692 1399 1040 1512 ⁴praeteritorum
1072 1422 1316 1514 temporum
1357 1395 1612 1488 memoriam
1659 1391 1776 1514 saepe
1827 1391 1890 1478 ei*

558 1537 682 1622 vium
724 1540 892 1628 auribus
932 1539 1173 1629 inculcabat
1213 1537 1372 1658 sapiens
1403 1539 1511 1630 illud
1541 1537 1731 1636 ditinum
1762 1560 1905 1658 parva

558 1671 658 1764 sunt
688 1673 791 1768 foris
820 1710 958 1788 arma,
990 1680 1067 1771 nist
1098 1677 1155 1772 est
1186 1679 1410 1771 confilium
1453 1680 1602 1781 domi;
1632 1707 1760 1793 eaque
1794 1674 1908 1794 pro·'

447 1823 454 1838 “
557 1843 652 1932 pter
676 1824 844 1910 ¹merito
874 1825 921 1908 in
963 1823 1206 1914 commodis
1248 1823 1587 1938 utilitatibusque
1626 1820 1738 1932 (vix
1779 1820 1895 1910 enim

561 1963 805 2068 invenitur,
836 1964 911 2077 qui
940 1963 1154 2058 laboribus
1184 1961 1410 2083 susceptis»,
1428 1959 1707 2082 periculisque
1737 1961 1861 2050 aditis
1877 1935 1909 2068 ,³

492 2133 496 2143 ·
563 2133 654 2194 non
694 2100 806 2218 quast
849 2105 1090 2194 mercedem
1133 2134 1276 2196 rerum
1319 2103 1524 2225 gestarum
1565 2102 1767 2195 desideret
1797 2105 1887 2220 glo·

559 2247 695 2358 riam)
712 2245 993 2361 gloriabatur,
1013 2275 1115 2360 quas
1146 2245 1231 2337 sme
1256 2252 1301 2337 vi
1332 2277 1575 2356 armorum,
1600 2253 1804 2366 opinione
1835 2244 1899 2336 sod

563 2387 657 2480 lum
690 2393 730 2474 δι
760 2381 902 2494 fama,
933 2387 1100 2474 civitati
1137 2386 1232 2479 suae
1274 2419 1515 2510 pepererat.
1560 2387 1694 2481 Hisce
1738 2389 1894 2478 artibus

565 2525 735 2633 effecit,
765 2553 815 2615 ut
845 2556 917 2642 per
948 2531 1115 2615 animos
1144 2533 1337 2644 gentium
1364 2535 1431 2620 vel
1459 2533 1725 2620 barbararum
1757 2557 1903 2646 perva-

562 2668 662 2768 serit
690 2667 817 2788 ipfius
848 2694 959 2758 nutu
999 2670 1136 2760 multa
1171 2667 1260 2788 geri
1300 2677 1347 2760 in
1387 2673 1582 2790 Europa3
1612 2681 1651 2762 ἃ
1693 2699 1900 2788 magnum

543 2819 679 2904 'certe
720 2811 835 2902 illius
877 2815 1137 2902 autloritatir
1179 2811 1348 2930 pondus
1384 2809 1505 2903 fuisse
1529 2801 1586 2904 'ex
1616 2815 1699 2903 hoc
1730 2815 1901 2927 quoque

564 2955 726 3070 conjici
756 2953 881 3044 facile
911 2953 1092 3072 poterit.
1112 2955 1365 3044 Mahomete
1385 2951 1631 3045 Turcarum
1651 2959 1769 3073 Rege
1788 2984 1904 3044 mor-

563 3123 665 3212 tuo,
689 3097 804 3216 quod
834 3100 1018 3216 contigit
1047 3127 1112 3188 an.
1145 3123 1417 3187 necccaxxxr.
1449 3092 1647 3215 Byzantii
1678 3093 1902 3188 confestim

564 3244 879 3334 tumultuatum
898 3236 981 3346 est,
1001 3237 1289 3353 hostiliterque
1320 3243 1431 3330 inter
1460 3239 1590 3330 duces
1619 3241 1904 3346 dimicatum,

566 3411 683 3502 parte
711 3413 796 3474 una
826 3378 1018 3471 militum
1049 3381 1277 3498 imperium
1307 3379 1492 3493 Bajazeti
1522 3372 1755 3488 deferente,
1773 3382 1905 3498 Zyzi-

564 3557 642 3618 mo
681 3519 809 3616 altera
838 3525 998 3614 minori
1028 3551 1130 3614 natu
1160 3519 1309 3612 fratri:
1331 3518 1410 3619 'sed
1455 3522 1527 3616 ille
1557 3519 1655 3612 usus
1674 3553 1809 3640 opera
1840 3525 1904 3612 A·

566 3668 750 3758 chinatis
778 3668 862 3752 viri
900 3664 1022 3752 sortis
1053 3673 1093 3752 δι
1133 3659 1339 3767 animost,
1371 3665 1469 3776 qui,
1504 3647 1743 3782 Hydrunto
1773 3695 1906 3756 occu«

566 3829 692 3928 pato,
723 3803 867 3920 paullo
895 3829 992 3890 ante
1026 3829 1228 3892 terrorem
1262 3799 1477 3891 universae
1508 3807 1648 3895 ltaliae
1680 3811 1907 3918 intulerat,

571 3947 625 4040 de
656 3944 845 4036 inimicis
875 3944 1179 4058 triumphavit.
1211 3948 1445 4062 Zyzimus‚
1492 3946 1670 4038 salutem
1713 3955 1759 4039 in
1804 3950 1907 4071 fuga

567 4091 834 4210 quaeritant,
860 4085 1107 4203 aliquandiu
1149 4085 1197 4172 in
1225 4088 1431 4203 Aegypto
1470 4086 1684 4197 constitit,
1717 4123 1820 4184 mox
1861 4097 1908 4184 in

571 4229 718 4319 Astam
746 4227 982 4345 profertur,
1013 4226 1195 4316 Ciliciae
1225 4225 1356 4342 Regis
1385 4225 1593 4342 promiffis
1623 4229 1729 4318 adeo
1761 4236 1909 4324 inem*

573 4367 643 4467 sus
664 4365 746 4477 est,
768 4393 820 4464 ut
850 4370 952 4464 belli
979 4367 1199 4470 fortunam
1228 4391 1388 4478 tentare
1424 4373 1583 4460 iterum
1613 4397 1703 4459 non
1745 4356 1909 4468 dubim

1718 4525 1849 4618 verit.
