4474 5858
652 513 751 610 294.
856 477 1338 572 Lucanam
1400 477 1769 574 Mentcts

462 701 465 708 '
537 797 540 801 ,
591 699 704 807 lens,
733 725 879 789 mances
911 695 1049 786 nubas
1083 691 1288 815 arlbissimt
1314 696 1568 816 prehendit.
1588 809 1591 816 1
1608 699 1682 788 Me
1721 720 1823 786 vera
1844 687 1957 804 stnss.

584 845 729 958 galeas
756 841 1028 956 lacrimaeque
1048 869 1137 930 cum
1165 842 1474 960 occupavissent,
1494 869 1600 960 qaas
1628 845 1764 932 celare
1794 861 1934 928 taaeen

591 983 739 1091 resella
768 1009 923 1072 cervece
953 982 1148 1094 conabar,
1178 985 1302 1076 nihilo
1330 988 1401 1074 ille
1429 988 1681 1092 commotior,
1710 983 1835 1072 etiam
1865 1002 1932 1069 at·

590 1151 672 1242 qne
699 1125 825 1216 etiam
853 1153 998 1214 manns
1029 1125 1291 1218 retentabat.
1321 1126 1396 1218 (lbi
1426 1150 1566 1216 antean
1591 1121 1792 1244 persensit
1818 1121 1932 1239 fletu

589 1269 725 1360 adhuc
745 1267 986 1386 praepediri
1016 1296 1105 1377 me,
1135 1297 1213 1388 qno
1242 1271 1376 1360 ncinns
1405 1273 1444 1360 ei
1475 1291 1635 1390 eperum
1659 1267 1802 1364 darem
1816 1265 1935 1386 ,serc-

576 1407 659 1528 fim
689 1406 846 1526 scilicet
877 1441 970 1520 eae,
1005 1409 1197 1528 quasique
1234 1405 1532 1531 difflmulauter
1558 1403 1707 1526 amisst.
1749 1413 1831 1534 Ego
1871 1433 1935 1496 me

586 1577 727 1644 ratem
762 1562 943 1646 continua
980 1557 1025 1643 in
1055 1561 1275 1671 penetrale
1314 1557 1487 1646 thalami
1533 1555 1693 1666 conjicio
1723 1533 1956 1672 seratam,

589 1721 716 1814 atque
753 1699 960 1806 habenas,
990 1720 1038 1788 ut
1066 1702 1128 1788 ita
1159 1698 1321 1807 dicam,
1354 1695 1479 1787 dolori
1512 1693 1569 1798 (φ
1599 1698 1778 1788 lacrimis
1806 1700 1928 1784 laxo.

590 1839 691 1928 Max
719 1840 887 1931 tandem
923 1839 1298 1948 recemundum,
1316 1833 1480 1953 siccatis
1520 1862 1723 1956 quantum
1758 1834 1933 1943 licebat,

588 1982 732 2071 actalia.
766 1985 841 2070 Ille
872 1983 939 2072 nbi
970 2013 1034 2074 rue
1056 1983 1189 2092 vidit,
1225 1979 1335 2071 vidit
1365 2003 1505 2072 autem
1523 1979 1691 2094 stettim,
1726 2001 1843 2070 vocat
1876 1971 1937 2064 ad

580 2116 631 2235 se
664 2122 848 2240 rntsnm,
879 2129 1128 2245 quaeritque
1146 2119 1375 2244 perblande
1402 2121 1509 2242 qaid
1535 2126 1658 2212 Piens
1686 2114 1934 2214 abrandula

579 2260 687 2377 ficus
715 2292 882 2384 ageret.
912 2267 1140 2384 Resportdeo
1180 2293 1359 2356 manere·
1375 2293 1467 2354 enm
1496 2265 1542 2354 in
1570 2262 1696 2371 arbe,
1726 2259 1837 2382 quad
1864 2289 1934 2350 ve·

590 2429 739 2496 relatur
763 2439 817 2498 ne
850 2413 941 2518 illa,
964 2407 1002 2520 si
1029 2411 1199 2516 veniat,
1231 2403 1422 2518 aeolesbiot
1446 2399 1531 2520 fit.
1563 2406 1626 2496 At
1655 2432 1747 2526 ego,
1787 2403 1925 2523 inquit

589 2541 751 2661 uicissim
780 2554 825 2639 ni
853 2579 1008 2641 verear
1046 2582 1097 2640 ne
1136 2549 1336 2662 aulqlnm
1365 2543 1427 2661 stt
1462 2552 1502 2636 el
1537 2547 1606 2638 hac
1639 2549 1747 2657 iter,
1783 2545 1932 2636 videre

588 2709 715 2804 atque
744 2694 895 2809 alloqui
924 2717 1153 2802 extremum
1184 2709 1385 2808 exoptem,
1393 2687 1637 2801 priusquam
1656 2691 1784 2798 plane
1813 2708 1932 2770 avo·

589 2827 650 2918 his
679 2833 848 2950 emigro.
885 2837 968 2924 Vin
996 2859 1071 2946 tu,
1101 2837 1292 2952 iuquam,
1325 2823 1592 2948 accersunt?
1619 2827 1696 2946 Ego
1724 2851 1851 2934 vtro,
1869 2827 1931 2914 ait

589 2971 685 3080 ille,
722 2979 1071 3092 quamprimum.
1102 2979 1171 3064 Ita
1187 2975 1293 3092 sane
1312 2972 1451 3092 fitcio:
1482 2993 1656 3062 verterat
1686 2969 1805 3082 pam,
1841 2964 1934 3086 asse·

591 3107 739 3220 derat,
763 3141 888 3234 atque
920 3145 988 3236 ego
1016 3145 1173 3236 quoqne
1187 3118 1322 3226 jaexta
1346 3116 1518 3236 genibus
1548 3111 1833 3219 incubuerant,
1852 3133 1947 3229 qneq

591 3255 818 3370 liquentem
834 3361 837 3370 .
846 3277 1069 3374 patronum
1093 3260 1296 3379 factlmc,
1329 3275 1467 3372 ntpatt
1504 3251 1662 3370 elefella
1684 3255 1778 3366 jam
1814 3285 1932 3346 vocu-

592 3398 657 3505 la,
695 3399 963 3492 exaudirem.
987 3405 1097 3492 Bane
1124 3405 1266 3510 Dens,
1297 3428 1382 3519 qua
1411 3404 1482 3490 ille
1506 3398 1613 3490 hunc
1644 3397 1840 3488 homittem
1868 3426 1927 3486 co·

591 3539 758 3649 mirate,
792 3569 876 3662 qua
917 3543 1195 3650 humanitate,
1235 3543 1382 3660 quibus
1415 3543 1539 3631 etiam
1573 3533 1691 3658 quas
1720 3537 1940 3644 blanditiis,

593 3687 780 3789 excepit!
804 3689 977 3802 Rogavit
998 3689 1132 3797 prima
1162 3680 1402 3800 ignosceret,
1431 3684 1542 3800 qnod
1566 3687 1605 3772 ei
1632 3683 1806 3774 lahorem
1824 3681 1929 3770 hartc

594 3814 854 3934 injunxisset,
884 3829 1010 3915 amori
1038 3825 1105 3914 hac
1137 3846 1299 3931 tamen,
1331 3820 1387 3925 dr
1416 3823 1715 3914 beraevoleutiae
1743 3827 1788 3912 in
1816 3825 1933 3916 illum

459 4011 461 4016 -
583 3951 688 4072 stane
717 3957 962 4077 adscriberet
974 4000 990 4062 ;
1020 3964 1215 4054 libentius
1247 3963 1299 4084 se
1329 3964 1381 4083 ste
1420 3971 1598 4068 animam
1637 3965 1846 4056 editarum
1861 3956 1938 4078 ,st

586 4103 715 4220 prins
749 4098 960 4224 amicifflmi
1001 4106 1167 4195 hoieinis
1198 4109 1355 4224 aspellu
1386 4115 1602 4204 morientes
1629 4113 1759 4224 mulos
1777 4101 1932 4220 finias-

584 4239 682 4357 sel.
714 4249 823 4336 Tum
840 4247 1047 4362 sermones
1091 4245 1230 4358 itcjecit
1271 4249 1470 4352 arbones,
1500 4267 1548 4334 at
1567 4246 1747 4362 solebat,
1779 4244 1835 4348 dr
1849 4241 1928 4366 fit·
1966 4317 1972 4337 .

596 4385 799 4478 miliares..
818 4389 907 4480 Nan
936 4389 1044 4492 nibil
1068 4391 1191 4480 ctiam
1221 4411 1318 4480 tunt
1348 4415 1507 4509 qnoque·
1524 4388 1687 4500 jocatus
1716 4383 1938 4514 nobiscum,
1972 4475 1977 4486 ,
