4492 5860
482 515 1020 642 ⁸¹Miloniani
1079 525 1297 626 Vtra
1522 565 1577 642 25

284 732 401 842 ionii
417 748 678 842 'convocatis
708 736 902 866 exposuit
930 777 1087 870 quanta
1116 749 1303 872 pericula
1324 741 1454 844 essent
1482 745 1641 862 timen÷¹

283 887 345 982 ¹da
374 921 398 1022 a
429 890 610 983 Venetis
641 899 682 984 δι
712 921 737 984 a
765 893 978 984 Romano*
997 880 1236 1003 Pontifice,
1267 921 1395 1013 quem
1426 889 1637 986 constabat

286 1034 342 1128 de
378 1034 655 1143 concedenda
685 1036 736 1126 iit
766 1032 1021 1127 Bononiensi
1052 1039 1280 1157 prouincia
1310 1039 1530 1158 cogitare;
1560 1035 1637 1128 ita·.

287 1205 371 1297 que
395 1175 433 1289 ,fi
463 1177 687 1300 pristinum
719 1175 984 1299 splendorem
1015 1179 1208 1272 &decus
1234 1179 1512 1300 Reipublicae
1535 1207 1637 1268 con-.

286 1319 481 1442 servare,
512 1329 553 1414 δι
583 1321 877 1438 potentiorum
908 1322 1093 1417 consiliis
1123 1321 1312 1417 obfillere
1342 1331 1382 1415 δι
1413 1349 1638 1416 occurrere

287 1465 478 1577 vellent,
508 1465 790 1558 Laurentium
820 1469 867 1558 in
896 1469 1024 1585 patris
1054 1469 1205 1560 locum
1248 1465 1507 1558 sufficerent.
1540 1459 1639 1576 Ηο·ὗ
1720 1562 1726 1576 ,

286 1612 420 1714 minis
450 1611 658 1702 virtus&
694 1611 880 1732 dignitas
911 1613 1158 1704 removebat
1197 1605 1480 1740 suspicionem
1512 1600 1660 1704 nimii,

179 1807 181 1811 ·
291 1751 339 1846 in
382 1751 603 1852 Mediceos
640 1753 790 1866 studii,
820 1787 949 1877 quare
979 1781 1128 1850 omnes
1168 1750 1257 1868 ejus
1301 1750 1552 1882 senteutiam
1581 1743 1643 1860 se-„

289 1923 509 2013 quunnrr,
553 1898 693 2016 palam
733 1897 1026 2016 profitentes,
1047 1923 1183 2016 neque
1213 1923 1336 1986 caeca
1365 1893 1466 2014 spe,
1504 1916 1641 2008 neque

215 2101 223 2106 -
289 2034 466 2137 obscura
496 2043 782 2157 expectatione
823 2041 1005 2162 pendere
1040 2041 1398 2160 Remp'ublicam,
1414 2032 1641 2156 ,postquam
1681 2133 1684 2144 ,

290 2179 545 2274 Laurentius
575 2207 643 2272 tot
678 2181 848 2303 dederat
876 2182 1148 2302 prudentiae,
1189 2167 1439 2288 industriae,
1469 2203 1641 2302 magna·

293 2315 534 2433 nimitatia,
581 2323 803 2443 omnisque
856 2328 1030 2418 virtutis
1080 2327 1370 2454 documenta.
1411 2317 1499 2440 lpse
1518 2345 1643 2409 -vero
1737 2317 1739 2322 ’

290 2471 485 2588 quamvis
516 2471 562 2560 in
591 2471 729 2560 aciem
761 2469 1171 2588 dimicationemque
1216 2465 1276 2559 se.
1299 2469 1445 2560 venire
1486 2461 1643 2556 intelli·

293 2599 436 2740 geret,
466 2643 604 2730 neque
633 2613 904 2726 inimicitias,
936 2645 1072 2734 neque
1101 2617 1214 2706 vitae
1243 2609 1430 2732 pericula
1460 2605 1535 2698 srbi
1564 2631 1644 2723 pro

291 2759 427 2877 patria
461 2751 715 2874 defugienda
745 2759 947 2878 putavit;
977 2755 1161 2876 &quod
1190 2750 1232 2845 se
1262 2781 1400 2846 unum
1430 2753 1477 2842 in
1507 2778 1553 2842 ea
1583 2745 1643 2836 ci·

296 2903 442 2992 vitate.
461 2901 571 2990 tanti
602 2897 777 2990 honoris
807 2899 990 3018 dignum
1020 2901 1291 3018 putaverint,
1321 2899 1394 2988 cui
1424 2887 1644 3011 Reipubli-

292 3071 367 3135 cae
397 3070 499 3134 cura
528 3067 653 3156 atque
682 3039 988 3133 administratio
1016 3043 1244 3160 praecipue
1274 3040 1643 3141 committeretur,
1671 3059 1674 3068 ’

294 3185 414 3303 grata
443 3182 737 3274 recordatione
768 3191 809 3272 δι
838 3207 1038 3300 perpetua
1069 3183 1410 3297 occupationum
1441 3185 1482 3267 δι
1507 3173 1644 3264 fortu-

296 3353 450 3422 narum
480 3319 651 3414 suarum
680 3325 913 3414 devotione
943 3345 1115 3436 tantum
1144 3319 1402 3412 beneficium
1432 3317 1474 3412 se
1504 3344 1656 3409 remu·-

295 3493 564 3560 metaturum
585 3460 836 3582 spopondit.
867 3471 904 3557 1s
944 3493 1041 3558 tum
1081 3494 1170 3560 erat
1214 3496 1358 3559 rerum
1402 3463 1662 3552 Italicarum·
1739 3501 1743 3508 ·

296 3606 450 3717 status,
479 3607 531 3700 ut
560 3603 833 3702 scientissimo
863 3607 959 3700 sane
988 3611 1268 3729 gubernatore
1297 3603 1552 3725 Respublica
1580 3605 1652 3694 in·'

295 3747 484 3868 digeret,
505 3751 635 3865 iique
670 3781 812 3842 mores
840 3752 1171 3869 imperantium,
1200 3777 1252 3842 ut
1299 3751 1445 3868 magni
1480 3743 1647 3838 consrlii

296 3897 337 3980 dt
367 3893 468 3981 artis
489 3871 616 3982 -ellet'¹
642 3893 688 3980 in
729 3919 800 3985 tot
834 3892 1064 3982 hominum
1111 3885 1314 4007 cujusque
1344 3889 1466 3982 modi
1496 3891 1648 3996 vitiis,

299 4013 511 4150 tantisque
540 4029 774 4122 versantem
804 4035 938 4124 vitare
968 4031 1276 4142 offensionem,
1305 4031 1491 4124 fallacias
1520 4055 1657 4144 atque·
1734 4129 1738 4136 ,

297 4159 487 4264 infidias}
527 4172 687 4263 Veneti
724 4180 765 4264 ἃ
797 4177 1095 4294 magnitudine
1125 4209 1283 4298 opum,
1315 4183 1357 4269 δι
1387 4169 1644 4263 diuturnita-

297 4335 341 4406 te
364 4316 532 4433 imperii
551 4379 564 4422 ,
583 4323 623 4406 δι
642 4318 766 4408 rebus
793 4343 902 4408 terra
934 4322 1126 4446 marique
1156 4318 1339 4409 feliciter
1363 4310 1512 4438 gestis,
1531 4308 1650 4406 sum-.

299 4455 416 4544 mam
430 4461 433 4468 '
446 4457 739 4551 auctoritatem
769 4457 1004 4558 tenebant;
1033 4487 1171 4576 neque
1200 4455 1399 4554 credibile
1428 4453 1486 4555 est
1514 4483 1644 4576 quan-

1062 4599 1107 4687 D
